<?xml version="1.0" encoding="UTF-8"?>
<!DOCTYPE html PUBLIC "-//W3C//DTD XHTML 1.0 Transitional//EN"
    "http://www.w3.org/TR/xhtml1/DTD/xhtml1-transitional.dtd">
<html xmlns="http://www.w3.org/1999/xhtml" xml:lang="en" lang="en">
 <head>
  <title>
</title>
<meta http-equiv="Content-Type" content="text/html;charset=utf-8" />
  <meta name='ocr-system' content='tesseract 3.04.00' />
  <meta name='ocr-capabilities' content='ocr_page ocr_carea ocr_par ocr_line ocrx_word'/>
</head>
<body>
  <div class='ocr_page' id='page_1' title='image "./fredericimnter00mn_0055.png"; bbox 0 0 2341 3340; ppageno 0'>
   <div class='ocr_carea' id='block_1_1' title="bbox 1037 143 1102 190">
    <p class='ocr_par' dir='ltr' id='par_1_1' title="bbox 1037 143 1102 190">
     <span class='ocr_line' id='line_1_1' title="bbox 1037 143 1102 190; baseline -0.046 0"><span class='ocrx_word' id='word_1_1' title='bbox 1037 143 1102 190; x_wconf 76' lang='lat'><strong>43</strong></span> 
     </span>
    </p>
   </div>
   <div class='ocr_carea' id='block_1_2' title="bbox 118 277 2027 729">
    <p class='ocr_par' dir='ltr' id='par_1_2' title="bbox 118 277 2027 729">
     <span class='ocr_line' id='line_1_2' title="bbox 121 277 2026 340; baseline -0.006 -11"><span class='ocrx_word' id='word_1_2' title='bbox 121 300 232 338; x_wconf 81' lang='lat' dir='ltr'><strong>vero,</strong></span> <span class='ocrx_word' id='word_1_3' title='bbox 261 301 384 340; x_wconf 84' lang='lat' dir='ltr'><strong>quum</strong></span> <span class='ocrx_word' id='word_1_4' title='bbox 416 286 466 326; x_wconf 87' lang='lat' dir='ltr'><strong>ad</strong></span> <span class='ocrx_word' id='word_1_5' title='bbox 483 283 674 338; x_wconf 84' lang='lat' dir='ltr'><strong>Cypriani</strong></span> <span class='ocrx_word' id='word_1_6' title='bbox 692 285 853 323; x_wconf 82' lang='lat' dir='ltr'><strong>aetatem</strong></span> <span class='ocrx_word' id='word_1_7' title='bbox 879 281 1123 335; x_wconf 84' lang='lat' dir='ltr'><strong>pertineant,</strong></span> <span class='ocrx_word' id='word_1_8' title='bbox 1151 279 1245 319; x_wconf 82' lang='lat' dir='ltr'><strong>heic</strong></span> <span class='ocrx_word' id='word_1_9' title='bbox 1266 281 1420 319; x_wconf 87' lang='lat' dir='ltr'><strong>tantum</strong></span> <span class='ocrx_word' id='word_1_10' title='bbox 1449 280 1580 328; x_wconf 88' lang='lat' dir='ltr'><strong>nobis,</strong></span> <span class='ocrx_word' id='word_1_11' title='bbox 1607 281 1713 321; x_wconf 85' lang='lat' dir='ltr'><strong>infra</strong></span> <span class='ocrx_word' id='word_1_12' title='bbox 1740 292 1830 321; x_wconf 75' lang='lat' dir='ltr'><strong>cAr.</strong></span> <span class='ocrx_word' id='word_1_13' title='bbox 1853 290 1942 320; x_wconf 77' lang='lat' dir='ltr'><strong>xxx.</strong></span> <span class='ocrx_word' id='word_1_14' title='bbox 1972 277 2026 318; x_wconf 84' lang='lat' dir='ltr'><strong>de</strong></span> 
     </span>
     <span class='ocr_line' id='line_1_3' title="bbox 118 345 2025 415; baseline -0.005 -7"><span class='ocrx_word' id='word_1_15' title='bbox 118 365 678 415; x_wconf 87' lang='lat' dir='ltr'><strong>reconciliationelapsorum,</strong></span> <span class='ocrx_word' id='word_1_16' title='bbox 707 364 749 401; x_wconf 89' lang='lat' dir='ltr'><strong>et</strong></span> <span class='ocrx_word' id='word_1_17' title='bbox 771 353 975 400; x_wconf 54' lang='lat' dir='ltr'><strong>ezir-&#39;xxva</strong></span> <span class='ocrx_word' id='word_1_18' title='bbox 1002 357 1055 398; x_wconf 88' lang='lat' dir='ltr'><strong>de</strong></span> <span class='ocrx_word' id='word_1_19' title='bbox 1081 356 1326 397; x_wconf 85' lang='lat' dir='ltr'>admissione</span> <span class='ocrx_word' id='word_1_20' title='bbox 1349 357 1616 397; x_wconf 87' lang='lat' dir='ltr'><strong>moechorum</strong></span> <span class='ocrx_word' id='word_1_21' title='bbox 1637 358 1687 397; x_wconf 84' lang='lat' dir='ltr'><strong>ad</strong></span> <span class='ocrx_word' id='word_1_22' title='bbox 1701 345 2025 399; x_wconf 67' lang='lat' dir='ltr'><strong>communionem</strong></span> 
     </span>
     <span class='ocr_line' id='line_1_4' title="bbox 121 434 2026 491; baseline -0.006 -4"><span class='ocrx_word' id='word_1_23' title='bbox 121 446 449 490; x_wconf 84' lang='lat' dir='ltr'><strong>ecclesiasticam,</strong></span> <span class='ocrx_word' id='word_1_24' title='bbox 489 441 541 479; x_wconf 87' lang='lat' dir='ltr'><strong>de</strong></span> <span class='ocrx_word' id='word_1_25' title='bbox 572 453 649 491; x_wconf 85' lang='lat' dir='ltr'><strong>qna</strong></span> <span class='ocrx_word' id='word_1_26' title='bbox 677 443 771 478; x_wconf 88' lang='lat' dir='ltr'><strong>ante</strong></span> <span class='ocrx_word' id='word_1_27' title='bbox 800 438 888 490; x_wconf 89' lang='lat' dir='ltr'><strong>ejus</strong></span> <span class='ocrx_word' id='word_1_28' title='bbox 905 437 1195 489; x_wconf 85' lang='lat' dir='ltr'><strong>Episcopatum</strong></span> <span class='ocrx_word' id='word_1_29' title='bbox 1225 437 1438 487; x_wconf 90' lang='lat' dir='ltr'><strong>quaesitum</strong></span> <span class='ocrx_word' id='word_1_30' title='bbox 1464 434 1556 483; x_wconf 82' lang='lat' dir='ltr'><strong>fuit,</strong></span> <span class='ocrx_word' id='word_1_31' title='bbox 1589 435 1750 484; x_wconf 86' lang='lat' dir='ltr'><strong>acturis,</strong></span> <span class='ocrx_word' id='word_1_32' title='bbox 1779 434 1831 474; x_wconf 87' lang='lat' dir='ltr'><strong>de</strong></span> <span class='ocrx_word' id='word_1_33' title='bbox 1860 437 2026 488; x_wconf 85' lang='lat' dir='ltr'><strong>reliquis</strong></span> 
     </span>
     <span class='ocr_line' id='line_1_5' title="bbox 120 513 2026 574; baseline -0.007 -10"><span class='ocrx_word' id='word_1_34' title='bbox 120 525 171 564; x_wconf 86' lang='lat' dir='ltr'><strong>ad</strong></span> <span class='ocrx_word' id='word_1_35' title='bbox 208 517 522 574; x_wconf 82' lang='lat' dir='ltr'><strong>Binghamum¹⁷</strong></span> <span class='ocrx_word' id='word_1_36' title='bbox 554 518 730 556; x_wconf 86' lang='lat' dir='ltr'><strong>lectores</strong></span> <span class='ocrx_word' id='word_1_37' title='bbox 767 515 1091 563; x_wconf 84' lang='lat' dir='ltr'><strong>remittentibus,</strong></span> <span class='ocrx_word' id='word_1_38' title='bbox 1130 513 1255 553; x_wconf 88' lang='lat' dir='ltr'><strong>verbo</strong></span> <span class='ocrx_word' id='word_1_39' title='bbox 1291 513 1472 566; x_wconf 81' lang='lat' dir='ltr'><strong>attigisse</strong></span> <span class='ocrx_word' id='word_1_40' title='bbox 1509 513 1698 553; x_wconf 86' lang='lat' dir='ltr'><strong>sufficiat.</strong></span> <span class='ocrx_word' id='word_1_41' title='bbox 1771 513 1862 552; x_wconf 92' lang='lat' dir='ltr'><strong>Hoc</strong></span> <span class='ocrx_word' id='word_1_42' title='bbox 1903 526 2026 553; x_wconf 91' lang='lat' dir='ltr'><strong>unum</strong></span> 
     </span>
     <span class='ocr_line' id='line_1_6' title="bbox 120 591 2026 648; baseline -0.005 -7"><span class='ocrx_word' id='word_1_43' title='bbox 120 602 323 642; x_wconf 83' lang='lat' dir='ltr'><strong>addidisse</strong></span> <span class='ocrx_word' id='word_1_44' title='bbox 351 597 461 636; x_wconf 76' lang='lat' dir='ltr'><strong>haud</strong></span> <span class='ocrx_word' id='word_1_45' title='bbox 490 597 567 635; x_wconf 87' lang='lat' dir='ltr'><strong>erit</strong></span> <span class='ocrx_word' id='word_1_46' title='bbox 595 607 955 648; x_wconf 86' lang='lat' dir='ltr'><strong>supervacaneum,</strong></span> <span class='ocrx_word' id='word_1_47' title='bbox 1002 593 1173 633; x_wconf 90' lang='lat' dir='ltr'><strong>concilia</strong></span> <span class='ocrx_word' id='word_1_48' title='bbox 1200 592 1461 644; x_wconf 81' lang='lat' dir='ltr'><strong>provincialia</strong></span> <span class='ocrx_word' id='word_1_49' title='bbox 1489 592 1652 643; x_wconf 85' lang='lat' dir='ltr'><strong>antiqua</strong></span> <span class='ocrx_word' id='word_1_50' title='bbox 1686 595 1806 632; x_wconf 76' lang='lat' dir='ltr'><strong>aetate</strong></span> <span class='ocrx_word' id='word_1_51' title='bbox 1844 591 2026 632; x_wconf 90' lang='lat' dir='ltr'><strong>conciliis</strong></span> 
     </span>
     <span class='ocr_line' id='line_1_7' title="bbox 121 670 2027 729; baseline -0.004 -12"><span class='ocrx_word' id='word_1_52' title='bbox 121 676 518 729; x_wconf 86' lang='lat' dir='ltr'><strong>Carthaginiensibus</strong></span> <span class='ocrx_word' id='word_1_53' title='bbox 546 688 570 714; x_wconf 89' lang='lat' dir='ltr'><strong>a</strong></span> <span class='ocrx_word' id='word_1_54' title='bbox 594 674 839 713; x_wconf 84' lang='lat' dir='ltr'><strong>Primatibus</strong></span> <span class='ocrx_word' id='word_1_55' title='bbox 864 673 1026 721; x_wconf 84' lang='lat' dir='ltr'><strong>coactis,</strong></span> <span class='ocrx_word' id='word_1_56' title='bbox 1055 684 1147 724; x_wconf 83' lang='lat' dir='ltr'><strong>quae</strong></span> <span class='ocrx_word' id='word_1_57' title='bbox 1176 670 1380 723; x_wconf 85' lang='lat' dir='ltr'><strong>generalia</strong></span> <span class='ocrx_word' id='word_1_58' title='bbox 1412 671 1493 711; x_wconf 91' lang='lat' dir='ltr'><strong>dici</strong></span> <span class='ocrx_word' id='word_1_59' title='bbox 1522 673 1714 724; x_wconf 81' lang='lat' dir='ltr'><strong>possunt,</strong></span> <span class='ocrx_word' id='word_1_60' title='bbox 1753 673 1944 721; x_wconf 79' lang='lat' dir='ltr'><strong>quantum</strong></span> <span class='ocrx_word' id='word_1_61' title='bbox 1975 681 2027 710; x_wconf 84' lang='lat' dir='ltr'><strong>ex</strong></span> 
     </span>
    </p>
   </div>
   <div class='ocr_carea' id='block_1_3' title="bbox 118 749 1441 809">
    <p class='ocr_par' dir='ltr' id='par_1_3' title="bbox 118 749 1441 809">
     <span class='ocr_line' id='line_1_8' title="bbox 118 749 1441 809; baseline -0.005 -13"><span class='ocrx_word' id='word_1_62' title='bbox 118 755 320 809; x_wconf 81' lang='lat' dir='ltr'><strong>Cypriano</strong></span> <span class='ocrx_word' id='word_1_63' title='bbox 349 754 543 806; x_wconf 80' lang='lat' dir='ltr'><strong>colligere</strong></span> <span class='ocrx_word' id='word_1_64' title='bbox 565 753 686 803; x_wconf 84' lang='lat' dir='ltr'><strong>licet,</strong></span> <span class='ocrx_word' id='word_1_65' title='bbox 719 753 951 805; x_wconf 86' lang='lat' dir='ltr'><strong>neutiquam</strong></span> <span class='ocrx_word' id='word_1_66' title='bbox 973 750 1233 791; x_wconf 86' lang='lat' dir='ltr'><strong>subordinata</strong></span> <span class='ocrx_word' id='word_1_67' title='bbox 1256 750 1383 791; x_wconf 87' lang='lat' dir='ltr'><strong>fuisse</strong></span> <span class='ocrx_word' id='word_1_68' title='bbox 1394 749 1441 790; x_wconf 73' lang='lat'><strong>1⁸.</strong></span> 
     </span>
    </p>
   </div>
   <div class='ocr_carea' id='block_1_4' title="bbox 659 1067 1496 1230">
    <p class='ocr_par' dir='ltr' id='par_1_4' title="bbox 659 1067 1496 1230">
     <span class='ocr_line' id='line_1_9' title="bbox 863 1067 1292 1126; baseline -0.002 -2"><span class='ocrx_word' id='word_1_69' title='bbox 863 1067 914 1124; x_wconf 79' lang='lat' dir='ltr'><strong>C</strong></span> <span class='ocrx_word' id='word_1_70' title='bbox 936 1067 991 1124; x_wconf 90' lang='lat' dir='ltr'><strong>A</strong></span> <span class='ocrx_word' id='word_1_71' title='bbox 1010 1067 1083 1126; x_wconf 88' lang='lat' dir='ltr'><strong>P.</strong></span> <span class='ocrx_word' id='word_1_72' title='bbox 1163 1067 1197 1124; x_wconf 93' lang='lat' dir='ltr'>I</span> <span class='ocrx_word' id='word_1_73' title='bbox 1218 1068 1292 1124; x_wconf 88' lang='lat' dir='ltr'><strong>X.</strong></span> 
     </span>
     <span class='ocr_line' id='line_1_10' title="bbox 659 1164 1496 1230; baseline -0.005 -22"><span class='ocrx_word' id='word_1_74' title='bbox 659 1165 1017 1230; x_wconf 74' lang='grc' dir='ltr'><strong>οοΝΤιΝΑΤΙο.</strong></span> <span class='ocrx_word' id='word_1_75' title='bbox 1099 1167 1140 1207; x_wconf 85' lang='lat'><strong>2.</strong></span> <span class='ocrx_word' id='word_1_76' title='bbox 1195 1164 1496 1208; x_wconf 80' lang='lat' dir='ltr'>PRIMATES.</span> 
     </span>
    </p>
   </div>
   <div class='ocr_carea' id='block_1_5' title="bbox 120 1315 2028 1394">
    <p class='ocr_par' dir='ltr' id='par_1_5' title="bbox 120 1315 2028 1394">
     <span class='ocr_line' id='line_1_11' title="bbox 120 1315 2028 1394; baseline -0.003 -13"><span class='ocrx_word' id='word_1_77' title='bbox 120 1342 159 1382; x_wconf 90' lang='lat'><strong>1.</strong></span> <span class='ocrx_word' id='word_1_78' title='bbox 218 1315 464 1394; x_wconf 75' lang='lat' dir='ltr'><strong>Carthago,</strong></span> <span class='ocrx_word' id='word_1_79' title='bbox 497 1340 576 1381; x_wconf 89' lang='lat' dir='ltr'><strong>nisi</strong></span> <span class='ocrx_word' id='word_1_80' title='bbox 604 1340 738 1380; x_wconf 89' lang='lat' dir='ltr'><strong>omnia</strong></span> <span class='ocrx_word' id='word_1_81' title='bbox 766 1339 924 1387; x_wconf 85' lang='lat' dir='ltr'><strong>fallunt,</strong></span> <span class='ocrx_word' id='word_1_82' title='bbox 952 1338 1081 1391; x_wconf 89' lang='lat' dir='ltr'><strong>prima</strong></span> <span class='ocrx_word' id='word_1_83' title='bbox 1104 1343 1192 1379; x_wconf 88' lang='lat' dir='ltr'><strong>erat</strong></span> <span class='ocrx_word' id='word_1_84' title='bbox 1218 1339 1329 1390; x_wconf 89' lang='lat' dir='ltr'><strong>urbs,</strong></span> <span class='ocrx_word' id='word_1_85' title='bbox 1362 1340 1405 1379; x_wconf 89' lang='lat' dir='ltr'><strong>in</strong></span> <span class='ocrx_word' id='word_1_86' title='bbox 1435 1352 1512 1392; x_wconf 90' lang='lat' dir='ltr'><strong>qua</strong></span> <span class='ocrx_word' id='word_1_87' title='bbox 1539 1336 1801 1391; x_wconf 84' lang='lat' dir='ltr'><strong>fundamenta</strong></span> <span class='ocrx_word' id='word_1_88' title='bbox 1829 1336 2028 1376; x_wconf 79' lang='lat' dir='ltr'><strong>Ecclesiae</strong></span> 
     </span>
    </p>
   </div>
   <div class='ocr_carea' id='block_1_6' title="bbox 121 1415 2030 1472">
    <p class='ocr_par' dir='ltr' id='par_1_6' title="bbox 121 1415 2030 1472">
     <span class='ocr_line' id='line_1_12' title="bbox 121 1415 2030 1472; baseline -0.003 -13"><span class='ocrx_word' id='word_1_89' title='bbox 121 1418 324 1460; x_wconf 83' lang='lat' dir='ltr'><strong>Africanae</strong></span> <span class='ocrx_word' id='word_1_90' title='bbox 367 1420 635 1472; x_wconf 86' lang='lat' dir='ltr'><strong>ponebantur.</strong></span> <span class='ocrx_word' id='word_1_91' title='bbox 711 1419 775 1458; x_wconf 81' lang='lat' dir='ltr'><strong>Ex</strong></span> <span class='ocrx_word' id='word_1_92' title='bbox 818 1419 896 1458; x_wconf 90' lang='lat' dir='ltr'><strong>hae</strong></span> <span class='ocrx_word' id='word_1_93' title='bbox 944 1417 1093 1456; x_wconf 88' lang='lat' dir='ltr'><strong>deinde</strong></span> <span class='ocrx_word' id='word_1_94' title='bbox 1129 1419 1345 1470; x_wconf 87' lang='lat' dir='ltr'><strong>metropoli</strong></span> <span class='ocrx_word' id='word_1_95' title='bbox 1390 1416 1639 1457; x_wconf 88' lang='lat' dir='ltr'><strong>credendum</strong></span> <span class='ocrx_word' id='word_1_96' title='bbox 1674 1419 1737 1455; x_wconf 85' lang='lat' dir='ltr'><strong>est</strong></span> <span class='ocrx_word' id='word_1_97' title='bbox 1782 1415 2030 1467; x_wconf 84' lang='lat' dir='ltr'><strong>processisse</strong></span> 
     </span>
    </p>
   </div>
   <div class='ocr_carea' id='block_1_7' title="bbox 118 1493 2031 1554">
    <p class='ocr_par' dir='ltr' id='par_1_7' title="bbox 118 1493 2031 1554">
     <span class='ocr_line' id='line_1_13' title="bbox 118 1493 2031 1554; baseline -0.002 -16"><span class='ocrx_word' id='word_1_98' title='bbox 118 1511 328 1551; x_wconf 83' lang='lat' dir='ltr'><strong>praecones</strong></span> <span class='ocrx_word' id='word_1_99' title='bbox 349 1499 559 1551; x_wconf 81' lang='lat' dir='ltr'><strong>Evangelii</strong></span> <span class='ocrx_word' id='word_1_100' title='bbox 587 1511 662 1551; x_wconf 90' lang='lat' dir='ltr'><strong>per</strong></span> <span class='ocrx_word' id='word_1_101' title='bbox 685 1499 861 1548; x_wconf 83' lang='lat' dir='ltr'><strong>reliquas</strong></span> <span class='ocrx_word' id='word_1_102' title='bbox 889 1497 1010 1536; x_wconf 89' lang='lat' dir='ltr'><strong>urbes</strong></span> <span class='ocrx_word' id='word_1_103' title='bbox 1040 1497 1088 1536; x_wconf 92' lang='lat' dir='ltr'><strong>ab</strong></span> <span class='ocrx_word' id='word_1_104' title='bbox 1115 1497 1320 1550; x_wconf 84' lang='lat' dir='ltr'><strong>Episcopo</strong></span> <span class='ocrx_word' id='word_1_105' title='bbox 1346 1498 1600 1547; x_wconf 75' lang='lat' dir='ltr'><strong>caeterisque,</strong></span> <span class='ocrx_word' id='word_1_106' title='bbox 1625 1495 1694 1546; x_wconf 90' lang='lat' dir='ltr'><strong>qui</strong></span> <span class='ocrx_word' id='word_1_107' title='bbox 1724 1507 1823 1554; x_wconf 32' lang='lat' dir='ltr'><strong>rem·</strong></span> <span class='ocrx_word' id='word_1_108' title='bbox 1839 1493 2031 1535; x_wconf 74' lang='lat' dir='ltr'><strong>ecclesia-</strong></span> 
     </span>
    </p>
   </div>
   <div class='ocr_carea' id='block_1_8' title="bbox 120 1573 2032 1630">
    <p class='ocr_par' dir='ltr' id='par_1_8' title="bbox 120 1573 2032 1630">
     <span class='ocr_line' id='line_1_14' title="bbox 120 1573 2032 1630; baseline -0.002 -14"><span class='ocrx_word' id='word_1_109' title='bbox 120 1577 264 1617; x_wconf 89' lang='lat' dir='ltr'><strong>sticam</strong></span> <span class='ocrx_word' id='word_1_110' title='bbox 299 1577 636 1626; x_wconf 82' lang='lat' dir='ltr'><strong>moderabantur,</strong></span> <span class='ocrx_word' id='word_1_111' title='bbox 679 1577 837 1617; x_wconf 85' lang='lat' dir='ltr'><strong>missos.</strong></span> <span class='ocrx_word' id='word_1_112' title='bbox 913 1576 1023 1616; x_wconf 84' lang='lat' dir='ltr'><strong>Hinc</strong></span> <span class='ocrx_word' id='word_1_113' title='bbox 1064 1576 1302 1630; x_wconf 88' lang='lat' dir='ltr'><strong>explicanda</strong></span> <span class='ocrx_word' id='word_1_114' title='bbox 1352 1579 1416 1614; x_wconf 82' lang='lat' dir='ltr'><strong>est</strong></span> <span class='ocrx_word' id='word_1_115' title='bbox 1454 1574 1650 1627; x_wconf 87' lang='lat' dir='ltr'><strong>Episcopi</strong></span> <span class='ocrx_word' id='word_1_116' title='bbox 1689 1573 2032 1626; x_wconf 83' lang='lat' dir='ltr'><strong>Carthaginiensis</strong></span> 
     </span>
    </p>
   </div>
   <div class='ocr_carea' id='block_1_9' title="bbox 121 1651 2033 1861">
    <p class='ocr_par' dir='ltr' id='par_1_9' title="bbox 121 1651 2033 1861">
     <span class='ocr_line' id='line_1_15' title="bbox 121 1651 2032 1707; baseline -0.002 -13"><span class='ocrx_word' id='word_1_117' title='bbox 121 1656 306 1694; x_wconf 90' lang='lat' dir='ltr'><strong>omnibus</strong></span> <span class='ocrx_word' id='word_1_118' title='bbox 337 1657 504 1707; x_wconf 88' lang='lat' dir='ltr'><strong>reliquis</strong></span> <span class='ocrx_word' id='word_1_119' title='bbox 536 1656 689 1694; x_wconf 84' lang='lat' dir='ltr'><strong>Africae</strong></span> <span class='ocrx_word' id='word_1_120' title='bbox 720 1655 935 1707; x_wconf 87' lang='lat' dir='ltr'><strong>Episcopis</strong></span> <span class='ocrx_word' id='word_1_121' title='bbox 963 1655 1093 1707; x_wconf 89' lang='lat' dir='ltr'><strong>major</strong></span> <span class='ocrx_word' id='word_1_122' title='bbox 1129 1654 1371 1701; x_wconf 78' lang='lat' dir='ltr'><strong>auctoritas,</strong></span> <span class='ocrx_word' id='word_1_123' title='bbox 1411 1654 1501 1704; x_wconf 91' lang='lat' dir='ltr'><strong>qui,</strong></span> <span class='ocrx_word' id='word_1_124' title='bbox 1541 1653 1639 1691; x_wconf 87' lang='lat' dir='ltr'><strong>licet</strong></span> <span class='ocrx_word' id='word_1_125' title='bbox 1671 1652 1812 1704; x_wconf 87' lang='lat' dir='ltr'><strong>primis</strong></span> <span class='ocrx_word' id='word_1_126' title='bbox 1845 1651 2032 1691; x_wconf 86' lang='lat' dir='ltr'><strong>ecclesiae</strong></span> 
     </span>
     <span class='ocr_line' id='line_1_16' title="bbox 123 1726 2032 1784; baseline -0.003 -12"><span class='ocrx_word' id='word_1_127' title='bbox 123 1733 270 1772; x_wconf 89' lang='lat' dir='ltr'><strong>seculis</strong></span> <span class='ocrx_word' id='word_1_128' title='bbox 297 1734 440 1772; x_wconf 85' lang='lat' dir='ltr'><strong>altiore</strong></span> <span class='ocrx_word' id='word_1_129' title='bbox 462 1734 629 1772; x_wconf 87' lang='lat' dir='ltr'><strong>honoris</strong></span> <span class='ocrx_word' id='word_1_130' title='bbox 650 1732 782 1779; x_wconf 85' lang='lat' dir='ltr'><strong>titulo,</strong></span> <span class='ocrx_word' id='word_1_131' title='bbox 814 1731 1135 1784; x_wconf 85' lang='lat' dir='ltr'><strong>Archiepiscopi,</strong></span> <span class='ocrx_word' id='word_1_132' title='bbox 1151 1731 1471 1782; x_wconf 86' lang='lat' dir='ltr'><strong>Metropolitani,</strong></span> <span class='ocrx_word' id='word_1_133' title='bbox 1487 1730 1678 1777; x_wconf 79' lang='lat' dir='ltr'><strong>Exarchi,</strong></span> <span class='ocrx_word' id='word_1_134' title='bbox 1700 1741 1736 1767; x_wconf 85' lang='lat' dir='ltr'><strong>v.</strong></span> <span class='ocrx_word' id='word_1_135' title='bbox 1753 1726 2032 1777; x_wconf 82' lang='lat' dir='ltr'><strong>Patriarchael,</strong></span> 
     </span>
     <span class='ocr_line' id='line_1_17' title="bbox 124 1806 2033 1861; baseline -0.002 -12"><span class='ocrx_word' id='word_1_136' title='bbox 124 1822 244 1861; x_wconf 89' lang='lat' dir='ltr'><strong>quem</strong></span> <span class='ocrx_word' id='word_1_137' title='bbox 267 1811 415 1860; x_wconf 88' lang='lat' dir='ltr'><strong>reliqui</strong></span> <span class='ocrx_word' id='word_1_138' title='bbox 440 1810 614 1861; x_wconf 88' lang='lat' dir='ltr'><strong>majores</strong></span> <span class='ocrx_word' id='word_1_139' title='bbox 630 1809 824 1860; x_wconf 87' lang='lat' dir='ltr'><strong>Episcopi</strong></span> <span class='ocrx_word' id='word_1_140' title='bbox 852 1810 1134 1856; x_wconf 86' lang='lat' dir='ltr'><strong>assumserant,</strong></span> <span class='ocrx_word' id='word_1_141' title='bbox 1162 1810 1357 1846; x_wconf 82' lang='lat' dir='ltr'><strong>mactatus</strong></span> <span class='ocrx_word' id='word_1_142' title='bbox 1381 1806 1490 1846; x_wconf 86' lang='lat' dir='ltr'><strong>haud</strong></span> <span class='ocrx_word' id='word_1_143' title='bbox 1516 1806 1680 1855; x_wconf 83' lang='lat' dir='ltr'><strong>fuerit2‚</strong></span> <span class='ocrx_word' id='word_1_144' title='bbox 1712 1819 1758 1845; x_wconf 90' lang='lat' dir='ltr'><strong>re</strong></span> <span class='ocrx_word' id='word_1_145' title='bbox 1783 1807 1871 1858; x_wconf 88' lang='lat' dir='ltr'><strong>ipsa</strong></span> <span class='ocrx_word' id='word_1_146' title='bbox 1898 1809 2033 1846; x_wconf 83' lang='lat' dir='ltr'><strong>tamen</strong></span> 
     </span>
    </p>
   </div>
   <div class='ocr_carea' id='block_1_10' title="bbox 147 1962 2034 2010">
    <p class='ocr_par' dir='ltr' id='par_1_10' title="bbox 147 1962 2034 2010">
     <span class='ocr_line' id='line_1_18' title="bbox 147 1962 2034 2010; baseline -0.001 -12"><span class='ocrx_word' id='word_1_147' title='bbox 147 1964 183 1993; x_wconf 77' lang='lat'><strong>17</strong></span> <span class='ocrx_word' id='word_1_148' title='bbox 206 1964 312 2010; x_wconf 84' lang='lat' dir='ltr'><strong>Orig.</strong></span> <span class='ocrx_word' id='word_1_149' title='bbox 337 1964 481 1997; x_wconf 88' lang='lat' dir='ltr'><strong>Eccles.</strong></span> <span class='ocrx_word' id='word_1_150' title='bbox 505 1962 538 1996; x_wconf 88' lang='lat'><strong>1.</strong></span> <span class='ocrx_word' id='word_1_151' title='bbox 563 1974 599 2007; x_wconf 91' lang='lat' dir='ltr'><strong>p.</strong></span> <span class='ocrx_word' id='word_1_152' title='bbox 617 1962 697 1997; x_wconf 75' lang='lat'>121.</span> <span class='ocrx_word' id='word_1_153' title='bbox 719 1972 821 2006; x_wconf 85' lang='lat' dir='ltr'><strong>sequ.</strong></span> <span class='ocrx_word' id='word_1_154' title='bbox 1194 1962 1290 1997; x_wconf 81' lang='lat' dir='ltr'><strong>sedis</strong></span> <span class='ocrx_word' id='word_1_155' title='bbox 1315 1963 1510 2007; x_wconf 77' lang='lat' dir='ltr'><strong>Episcopus</strong></span> <span class='ocrx_word' id='word_1_156' title='bbox 1536 1973 1607 1995; x_wconf 81' lang='lat' dir='ltr'><strong>non</strong></span> <span class='ocrx_word' id='word_1_157' title='bbox 1644 1963 1847 2006; x_wconf 79' lang='lat' dir='ltr'><strong>appelletur</strong></span> <span class='ocrx_word' id='word_1_158' title='bbox 1865 1963 2034 2007; x_wconf 79' lang='lat' dir='ltr'><strong>princeps</strong></span> 
     </span>
    </p>
   </div>
   <div class='ocr_carea' id='block_1_11' title="bbox 149 2032 2034 2102">
    <p class='ocr_par' dir='ltr' id='par_1_11' title="bbox 149 2032 2034 2102">
     <span class='ocr_line' id='line_1_19' title="bbox 149 2032 2034 2102; baseline 0.001 -38"><span class='ocrx_word' id='word_1_159' title='bbox 149 2057 183 2085; x_wconf 71' lang='lat'><strong>13</strong></span> <span class='ocrx_word' id='word_1_160' title='bbox 210 2056 360 2102; x_wconf 65' lang='lat' dir='ltr'><strong>Ziegler</strong></span> <span class='ocrx_word' id='word_1_161' title='bbox 382 2056 518 2091; x_wconf 45' lang='lat' dir='ltr'><strong>Gesch·</strong></span> <span class='ocrx_word' id='word_1_162' title='bbox 543 2056 611 2089; x_wconf 67' lang='lat' dir='ltr'><strong>der</strong></span> <span class='ocrx_word' id='word_1_163' title='bbox 632 2054 1054 2101; x_wconf 41' lang='lat' dir='ltr'><strong>malaverfassungs-</strong></span> <span class='ocrx_word' id='word_1_164' title='bbox 1194 2032 1431 2073; x_wconf 79' lang='lat' dir='ltr'><strong>sacerdotum,</strong></span> <span class='ocrx_word' id='word_1_165' title='bbox 1476 2036 1542 2066; x_wconf 84' lang='lat' dir='ltr'><strong>aut</strong></span> <span class='ocrx_word' id='word_1_166' title='bbox 1570 2032 1708 2077; x_wconf 77' lang='lat' dir='ltr'><strong>aliquid</strong></span> <span class='ocrx_word' id='word_1_167' title='bbox 1731 2032 1946 2075; x_wconf 72' lang='lat' dir='ltr'><strong>hujusmodi,</strong></span> <span class='ocrx_word' id='word_1_168' title='bbox 1971 2033 2034 2066; x_wconf 77' lang='lat' dir='ltr'><strong>scd</strong></span> 
     </span>
    </p>
   </div>
   <div class='ocr_carea' id='block_1_12' title="bbox 219 2101 2033 2171">
    <p class='ocr_par' dir='ltr' id='par_1_12' title="bbox 219 2101 2033 2171">
     <span class='ocr_line' id='line_1_20' title="bbox 219 2101 2033 2171; baseline -0.001 -33"><span class='ocrx_word' id='word_1_169' title='bbox 219 2127 368 2162; x_wconf 69' lang='lat' dir='ltr'><strong>formen</strong></span> <span class='ocrx_word' id='word_1_170' title='bbox 400 2137 435 2171; x_wconf 48' lang='lat' dir='ltr'><strong>P·</strong></span> <span class='ocrx_word' id='word_1_171' title='bbox 455 2125 535 2160; x_wconf 47' lang='lat'>145.</span> <span class='ocrx_word' id='word_1_172' title='bbox 1194 2104 1337 2136; x_wconf 79' lang='lat' dir='ltr'><strong>tantum</strong></span> <span class='ocrx_word' id='word_1_173' title='bbox 1357 2102 1485 2145; x_wconf 80' lang='lat' dir='ltr'><strong>primae</strong></span> <span class='ocrx_word' id='word_1_174' title='bbox 1509 2102 1604 2136; x_wconf 80' lang='lat' dir='ltr'><strong>sedis</strong></span> <span class='ocrx_word' id='word_1_175' title='bbox 1626 2102 1832 2147; x_wconf 75' lang='lat' dir='ltr'><strong>Episcopus.</strong></span> <span class='ocrx_word' id='word_1_176' title='bbox 1889 2101 2033 2136; x_wconf 78' lang='lat' dir='ltr'><strong>Labbei</strong></span> 
     </span>
    </p>
   </div>
   <div class='ocr_carea' id='block_1_13' title="bbox 174 2170 2034 2285">
    <p class='ocr_par' dir='ltr' id='par_1_13' title="bbox 174 2170 2034 2285">
     <span class='ocr_line' id='line_1_21' title="bbox 218 2170 2033 2215; baseline 0.003 -15"><span class='ocrx_word' id='word_1_177' title='bbox 218 2210 222 2213; x_wconf 12' lang='grc' dir='ltr'><strong>ἢ</strong></span> <span class='ocrx_word' id='word_1_178' title='bbox 1198 2170 1368 2204; x_wconf 87' lang='lat' dir='ltr'><strong>Concilia</strong></span> <span class='ocrx_word' id='word_1_179' title='bbox 1392 2170 1502 2205; x_wconf 86' lang='lat' dir='ltr'><strong>Tom.</strong></span> <span class='ocrx_word' id='word_1_180' title='bbox 1525 2171 1574 2205; x_wconf 92' lang='lat' dir='ltr'><strong>II.</strong></span> <span class='ocrx_word' id='word_1_181' title='bbox 1596 2183 1630 2215; x_wconf 88' lang='lat' dir='ltr'><strong>p.</strong></span> <span class='ocrx_word' id='word_1_182' title='bbox 1649 2171 1752 2205; x_wconf 72' lang='lat'>1171.</span> <span class='ocrx_word' id='word_1_183' title='bbox 1787 2170 2033 2215; x_wconf 81' lang='lat' dir='ltr'><strong>Episcopatui</strong></span> 
     </span>
     <span class='ocr_line' id='line_1_22' title="bbox 174 2217 2034 2285; baseline 0.003 -15"><span class='ocrx_word' id='word_1_184' title='bbox 174 2218 191 2245; x_wconf 74' lang='lat'>1</span> <span class='ocrx_word' id='word_1_185' title='bbox 217 2219 446 2254; x_wconf 58' lang='lat' dir='ltr'><strong>patriarchae</strong></span> <span class='ocrx_word' id='word_1_186' title='bbox 490 2230 626 2253; x_wconf 68' lang='lat' dir='ltr'><strong>¹¹⁰me¹¹</strong></span> <span class='ocrx_word' id='word_1_187' title='bbox 669 2218 816 2263; x_wconf 63' lang='lat' dir='ltr'><strong>primus</strong></span> <span class='ocrx_word' id='word_1_188' title='bbox 855 2218 894 2252; x_wconf 70' lang='lat' dir='ltr'><strong>in</strong></span> <span class='ocrx_word' id='word_1_189' title='bbox 924 2217 1056 2253; x_wconf 62' lang='lat' dir='ltr'><strong>Africa</strong></span> <span class='ocrx_word' id='word_1_190' title='bbox 1199 2240 1506 2285; x_wconf 74' lang='lat' dir='ltr'><strong>Carthaginiensi</strong></span> <span class='ocrx_word' id='word_1_191' title='bbox 1556 2241 1623 2274; x_wconf 86' lang='lat' dir='ltr'><strong>illo</strong></span> <span class='ocrx_word' id='word_1_192' title='bbox 1663 2245 1834 2284; x_wconf 85' lang='lat' dir='ltr'><strong>tempore</strong></span> <span class='ocrx_word' id='word_1_193' title='bbox 1879 2239 2034 2284; x_wconf 76' lang='lat' dir='ltr'><strong>praesuit</strong></span> 
     </span>
    </p>
   </div>
   <div class='ocr_carea' id='block_1_14' title="bbox 221 2287 2032 2344">
    <p class='ocr_par' dir='ltr' id='par_1_14' title="bbox 221 2287 2032 2344">
     <span class='ocr_line' id='line_1_23' title="bbox 221 2287 2032 2344; baseline -0.001 -23"><span class='ocrx_word' id='word_1_194' title='bbox 221 2288 418 2332; x_wconf 85' lang='lat' dir='ltr'><strong>usurpavit</strong></span> <span class='ocrx_word' id='word_1_195' title='bbox 431 2287 573 2333; x_wconf 82' lang='lat' dir='ltr'><strong>Cyrila,</strong></span> <span class='ocrx_word' id='word_1_196' title='bbox 598 2287 840 2333; x_wconf 78' lang='lat' dir='ltr'><strong>Carthaginis</strong></span> <span class='ocrx_word' id='word_1_197' title='bbox 850 2288 1056 2333; x_wconf 84' lang='lat' dir='ltr'><strong>Episcopus</strong></span> <span class='ocrx_word' id='word_1_198' title='bbox 1455 2309 1659 2344; x_wconf 61' lang='lat' dir='ltr'><strong>Moreeuus</strong></span> <span class='ocrx_word' id='word_1_199' title='bbox 1711 2309 1850 2343; x_wconf 67' lang='lat' dir='ltr'>Africae</span> <span class='ocrx_word' id='word_1_200' title='bbox 1890 2309 2032 2343; x_wconf 38' lang='lat' dir='ltr'><strong>Christ,</strong></span> 
     </span>
    </p>
   </div>
   <div class='ocr_carea' id='block_1_15' title="bbox 1195 2310 1384 2345">
    <p class='ocr_par' dir='ltr' id='par_1_15' title="bbox 1195 2310 1384 2345">
     <span class='ocr_line' id='line_1_24' title="bbox 1195 2310 1384 2345; baseline -0.011 0"><span class='ocrx_word' id='word_1_201' title='bbox 1195 2310 1384 2345; x_wconf 87' lang='lat' dir='ltr'><strong>Aurelius.</strong></span> 
     </span>
    </p>
   </div>
   <div class='ocr_carea' id='block_1_16' title="bbox 222 2356 1056 2471">
    <p class='ocr_par' dir='ltr' id='par_1_16' title="bbox 222 2356 1056 2471">
     <span class='ocr_line' id='line_1_25' title="bbox 222 2356 1056 2402; baseline 0.001 -11"><span class='ocrx_word' id='word_1_202' title='bbox 222 2356 382 2391; x_wconf 81' lang='lat' dir='ltr'><strong>Arianus</strong></span> <span class='ocrx_word' id='word_1_203' title='bbox 438 2357 507 2391; x_wconf 87' lang='lat' dir='ltr'><strong>sub</strong></span> <span class='ocrx_word' id='word_1_204' title='bbox 571 2357 827 2391; x_wconf 81' lang='lat' dir='ltr'><strong>Vandalorum</strong></span> <span class='ocrx_word' id='word_1_205' title='bbox 881 2356 1056 2402; x_wconf 81' lang='lat' dir='ltr'><strong>imper10.</strong></span> 
     </span>
     <span class='ocr_line' id='line_1_26' title="bbox 225 2425 1056 2471; baseline 0.001 -13"><span class='ocrx_word' id='word_1_206' title='bbox 225 2425 387 2459; x_wconf 81' lang='lat' dir='ltr'><strong>Victoris</strong></span> <span class='ocrx_word' id='word_1_207' title='bbox 419 2426 581 2460; x_wconf 87' lang='lat' dir='ltr'><strong>Vitensis</strong></span> <span class='ocrx_word' id='word_1_208' title='bbox 613 2427 698 2461; x_wconf 80' lang='lat' dir='ltr'><strong>Lib.</strong></span> <span class='ocrx_word' id='word_1_209' title='bbox 715 2427 764 2461; x_wconf 93' lang='lat' dir='ltr'><strong>II.</strong></span> <span class='ocrx_word' id='word_1_210' title='bbox 798 2426 844 2460; x_wconf 90' lang='lat' dir='ltr'><strong>de</strong></span> <span class='ocrx_word' id='word_1_211' title='bbox 878 2437 1056 2471; x_wconf 84' lang='lat' dir='ltr'><strong>persecu-</strong></span> 
     </span>
    </p>
   </div>
   <div class='ocr_carea' id='block_1_17' title="bbox 225 2487 685 2530">
    <p class='ocr_par' dir='ltr' id='par_1_17' title="bbox 225 2487 685 2530">
     <span class='ocr_line' id='line_1_27' title="bbox 225 2487 685 2530; baseline 0.002 -1"><span class='ocrx_word' id='word_1_212' title='bbox 225 2494 327 2529; x_wconf 77' lang='lat' dir='ltr'><strong>tione</strong></span> <span class='ocrx_word' id='word_1_213' title='bbox 349 2487 551 2529; x_wconf 78' lang='lat' dir='ltr'><strong>Van&#39;dalica</strong></span> <span class='ocrx_word' id='word_1_214' title='bbox 575 2507 605 2529; x_wconf 91' lang='lat' dir='ltr'><strong>c.</strong></span> <span class='ocrx_word' id='word_1_215' title='bbox 629 2495 685 2530; x_wconf 85' lang='lat'><strong>18.</strong></span> 
     </span>
    </p>
   </div>
   <div class='ocr_carea' id='block_1_18' title="bbox 179 2587 1055 2702">
    <p class='ocr_par' dir='ltr' id='par_1_18' title="bbox 179 2587 1055 2702">
     <span class='ocr_line' id='line_1_28' title="bbox 179 2587 1055 2622; baseline 0 -1"><span class='ocrx_word' id='word_1_216' title='bbox 179 2588 198 2617; x_wconf 81' lang='lat'>2</span> <span class='ocrx_word' id='word_1_217' title='bbox 221 2587 395 2621; x_wconf 83' lang='lat' dir='ltr'><strong>Attamen</strong></span> <span class='ocrx_word' id='word_1_218' title='bbox 427 2587 552 2620; x_wconf 84' lang='lat' dir='ltr'><strong>seculo</strong></span> <span class='ocrx_word' id='word_1_219' title='bbox 572 2587 634 2621; x_wconf 90' lang='lat' dir='ltr'><strong>IV.</strong></span> <span class='ocrx_word' id='word_1_220' title='bbox 653 2587 860 2622; x_wconf 84' lang='lat' dir='ltr'><strong>adfectasse</strong></span> <span class='ocrx_word' id='word_1_221' title='bbox 891 2587 1055 2622; x_wconf 84' lang='lat' dir='ltr'><strong>videtur.</strong></span> 
     </span>
     <span class='ocr_line' id='line_1_29' title="bbox 227 2655 1055 2702; baseline 0 -11"><span class='ocrx_word' id='word_1_222' title='bbox 227 2656 440 2691; x_wconf 85' lang='lat' dir='ltr'><strong>Concilium</strong></span> <span class='ocrx_word' id='word_1_223' title='bbox 461 2655 564 2689; x_wconf 89' lang='lat' dir='ltr'><strong>enim</strong></span> <span class='ocrx_word' id='word_1_224' title='bbox 578 2656 888 2702; x_wconf 85' lang='lat' dir='ltr'><strong>Carthaginiense</strong></span> <span class='ocrx_word' id='word_1_225' title='bbox 907 2668 963 2691; x_wconf 88' lang='lat' dir='ltr'><strong>an.</strong></span> <span class='ocrx_word' id='word_1_226' title='bbox 974 2656 1055 2691; x_wconf 81' lang='lat'><strong>397.</strong></span> 
     </span>
    </p>
   </div>
   <div class='ocr_carea' id='block_1_19' title="bbox 227 2724 1056 2772">
    <p class='ocr_par' dir='ltr' id='par_1_19' title="bbox 227 2724 1056 2772">
     <span class='ocr_line' id='line_1_30' title="bbox 227 2724 1056 2772; baseline 0.001 -11"><span class='ocrx_word' id='word_1_227' title='bbox 227 2726 458 2761; x_wconf 82' lang='lat' dir='ltr'><strong>celebratum</strong></span> <span class='ocrx_word' id='word_1_228' title='bbox 478 2735 620 2766; x_wconf 8' lang='lat' dir='ltr'><strong>,canone</strong></span> <span class='ocrx_word' id='word_1_229' title='bbox 639 2724 686 2759; x_wconf 81' lang='lat'><strong>26</strong></span> <span class='ocrx_word' id='word_1_230' title='bbox 711 2725 830 2761; x_wconf 77' lang='lat' dir='ltr'><strong>cavit:</strong></span> <span class='ocrx_word' id='word_1_231' title='bbox 864 2730 905 2761; x_wconf 85' lang='lat' dir='ltr'><strong>ut</strong></span> <span class='ocrx_word' id='word_1_232' title='bbox 931 2727 1056 2772; x_wconf 70' lang='lat' dir='ltr'><strong>primm</strong></span> 
     </span>
    </p>
   </div>
   <div class='ocr_carea' id='block_1_20' title="bbox 1196 2378 2033 2701">
    <p class='ocr_par' dir='ltr' id='par_1_20' title="bbox 1196 2378 2033 2701">
     <span class='ocr_line' id='line_1_31' title="bbox 1196 2378 2032 2423; baseline -0.004 -9"><span class='ocrx_word' id='word_1_233' title='bbox 1196 2380 1278 2414; x_wconf 76' lang='lat' dir='ltr'><strong>Vol.</strong></span> <span class='ocrx_word' id='word_1_234' title='bbox 1297 2379 1346 2413; x_wconf 89' lang='lat' dir='ltr'><strong>II.</strong></span> <span class='ocrx_word' id='word_1_235' title='bbox 1374 2391 1409 2423; x_wconf 89' lang='lat' dir='ltr'><strong>p.</strong></span> <span class='ocrx_word' id='word_1_236' title='bbox 1431 2378 1511 2413; x_wconf 77' lang='lat'>330.</span> <span class='ocrx_word' id='word_1_237' title='bbox 1531 2380 1633 2413; x_wconf 87' lang='lat' dir='ltr'><strong>hunc</strong></span> <span class='ocrx_word' id='word_1_238' title='bbox 1654 2390 1833 2414; x_wconf 87' lang='lat' dir='ltr'><strong>canonem</strong></span> <span class='ocrx_word' id='word_1_239' title='bbox 1850 2379 2032 2420; x_wconf 77' lang='lat' dir='ltr'><strong>referens,</strong></span> 
     </span>
     <span class='ocr_line' id='line_1_32' title="bbox 1196 2448 2033 2493; baseline 0 -11"><span class='ocrx_word' id='word_1_240' title='bbox 1196 2460 1237 2482; x_wconf 86' lang='lat' dir='ltr'><strong>sc</strong></span> <span class='ocrx_word' id='word_1_241' title='bbox 1262 2452 1395 2492; x_wconf 84' lang='lat' dir='ltr'><strong>putare</strong></span> <span class='ocrx_word' id='word_1_242' title='bbox 1418 2448 1522 2491; x_wconf 84' lang='lat' dir='ltr'><strong>dicit,</strong></span> <span class='ocrx_word' id='word_1_243' title='bbox 1557 2450 1629 2483; x_wconf 89' lang='lat' dir='ltr'><strong>hoc</strong></span> <span class='ocrx_word' id='word_1_244' title='bbox 1652 2449 1835 2493; x_wconf 86' lang='lat' dir='ltr'><strong>placuisse</strong></span> <span class='ocrx_word' id='word_1_245' title='bbox 1854 2448 2033 2482; x_wconf 80' lang='lat' dir='ltr'><strong>Patribus</strong></span> 
     </span>
     <span class='ocr_line' id='line_1_33' title="bbox 1200 2517 2032 2560; baseline -0.001 -8"><span class='ocrx_word' id='word_1_246' title='bbox 1200 2518 1372 2560; x_wconf 87' lang='lat' dir='ltr'><strong>Concilii,</strong></span> <span class='ocrx_word' id='word_1_247' title='bbox 1397 2522 1440 2553; x_wconf 88' lang='lat' dir='ltr'><strong>ut</strong></span> <span class='ocrx_word' id='word_1_248' title='bbox 1460 2518 1744 2552; x_wconf 86' lang='lat' dir='ltr'><strong>Donatistarum</strong></span> <span class='ocrx_word' id='word_1_249' title='bbox 1765 2518 1907 2552; x_wconf 83' lang='lat' dir='ltr'><strong>fastum</strong></span> <span class='ocrx_word' id='word_1_250' title='bbox 1928 2517 2032 2551; x_wconf 86' lang='lat' dir='ltr'><strong>dete-</strong></span> 
     </span>
     <span class='ocr_line' id='line_1_34' title="bbox 1200 2585 2031 2630; baseline -0.001 -9"><span class='ocrx_word' id='word_1_251' title='bbox 1200 2590 1400 2621; x_wconf 82' lang='lat' dir='ltr'><strong>starentur.</strong></span> <span class='ocrx_word' id='word_1_252' title='bbox 1449 2588 1639 2621; x_wconf 80' lang='lat' dir='ltr'><strong>Donatum</strong></span> <span class='ocrx_word' id='word_1_253' title='bbox 1663 2587 1764 2621; x_wconf 88' lang='lat' dir='ltr'><strong>enim</strong></span> <span class='ocrx_word' id='word_1_254' title='bbox 1787 2598 1919 2621; x_wconf 88' lang='lat' dir='ltr'><strong>eorum</strong></span> <span class='ocrx_word' id='word_1_255' title='bbox 1939 2585 2031 2630; x_wconf 78' lang='lat' dir='ltr'><strong>Epi-</strong></span> 
     </span>
     <span class='ocr_line' id='line_1_35' title="bbox 1198 2655 2031 2701; baseline -0.004 -11"><span class='ocrx_word' id='word_1_256' title='bbox 1198 2667 1353 2701; x_wconf 86' lang='lat' dir='ltr'><strong>scopum</strong></span> <span class='ocrx_word' id='word_1_257' title='bbox 1380 2655 1735 2701; x_wconf 83' lang='lat' dir='ltr'><strong>Carthaginiensem</strong></span> <span class='ocrx_word' id='word_1_258' title='bbox 1763 2655 1923 2690; x_wconf 79' lang='lat' dir='ltr'><strong>Prz&#39;mum</strong></span> <span class='ocrx_word' id='word_1_259' title='bbox 1943 2655 2031 2699; x_wconf 79' lang='lat' dir='ltr'><strong>Epi-</strong></span> 
     </span>
    </p>
   </div>
   <div class='ocr_carea' id='block_1_21' title="bbox 1198 2723 2030 2771">
    <p class='ocr_par' dir='ltr' id='par_1_21' title="bbox 1198 2723 2030 2771">
     <span class='ocr_line' id='line_1_36' title="bbox 1198 2723 2030 2771; baseline -0.005 -9"><span class='ocrx_word' id='word_1_260' title='bbox 1198 2737 1381 2771; x_wconf 78' lang='lat' dir='ltr'><strong>scoporum</strong></span> <span class='ocrx_word' id='word_1_261' title='bbox 1400 2725 1588 2761; x_wconf 79' lang='lat' dir='ltr'><strong>audivisse</strong></span> <span class='ocrx_word' id='word_1_262' title='bbox 1599 2723 1744 2770; x_wconf 85' lang='lat' dir='ltr'><strong>(Optat.</strong></span> <span class='ocrx_word' id='word_1_263' title='bbox 1762 2724 1808 2759; x_wconf 86' lang='lat' dir='ltr'><strong>de</strong></span> <span class='ocrx_word' id='word_1_264' title='bbox 1827 2723 2030 2760; x_wconf 83' lang='lat' dir='ltr'><strong>schismate</strong></span> 
     </span>
    </p>
   </div>
  </div>
 </body>
</html>
