2341 3340
1006 136 1103 183 231

107 277 302 318 lactabam
331 277 419 330 jam
452 277 588 318 inedia
620 277 826 317 defectum
845 277 882 305 ³²
938 274 1121 316 Sollicita
1147 290 1223 329 pro
1256 291 1305 318 eo
1336 280 1584 333 adloquebar
1609 288 1801 334 matrem,
1837 290 1878 328 et
1912 300 2009 329 con-

107 354 309 396 fortabam
337 356 522 410 fratrem,
552 355 880 396 commendabam
902 353 1087 398 filium33.
1144 355 1421 398 Tabescebam
1434 360 1543 410 ideo,
1567 364 1675 413 quod
1691 365 1783 404 illos
1799 366 2008 407 tabescere

106 432 286 474 videram
306 435 389 474 mei
417 434 630 474 beneficio.
689 433 810 473 Tales
833 433 1128 473 sollicitudines
1157 435 1293 474 multis
1317 435 1460 477 diebus
1485 453 1601 491 passa
1624 454 1726 490 sum,
1755 446 1799 481 ut
1821 447 2007 498 usurpavi

105 514 152 550 ut
181 524 340 552 mecum
379 512 513 552 infans
553 512 597 551 in
633 523 796 550 carcere
830 514 1039 551 maneret:
1082 515 1125 552 et
1154 513 1290 552 statim
1325 517 1531 565 convalui;
1576 522 1618 558 et
1650 520 1826 561 relevata
1863 535 1951 562 sum
1984 537 2007 563 a

105 588 246 628 labore
283 567 326 628 et
355 589 630 630 sollicitudine
667 590 857 638 infantis,
898 593 941 630 et
970 589 1103 630 factus
1136 593 1199 630 est
1234 591 1336 632 mihi
1377 604 1514 633 carcer
1541 596 1672 638 subito
1699 600 1936 651 praetorium
1949 598 2005 651 ³¹¹3

104 670 150 706 ut
179 666 238 706 ibi
267 667 428 707 mallem
460 680 550 708 esse
583 681 701 720 quam
727 665 933 708 alicubi35,

281 744 322 784 4.
379 745 496 785 Tunc
529 746 632 787 dixit
666 747 768 786 mihi
796 746 924 786 frater
951 759 1089 787 meus:
1149 746 1321 788 Domina
1350 760 1478 799 soror,
1510 750 1598 803 jam
1625 752 1668 792 in
1694 766 1837 807 magna
1868 756 2006 809 digna·

103 823 216 864 tione
244 835 289 863 es
300 822 360 872 ³⁸3
391 829 434 864 et
453 829 574 873 tanta,
605 828 651 864 ut
678 824 859 876 postules
889 822 1142 874 visionem37,
1171 829 1214 865 et
1239 826 1475 867 ostendatur
1500 829 1588 877 tibi,
1620 844 1671 870 an
1699 833 1832 883 passio
1861 834 1925 882 sit,
1956 847 2007 874 an

103 902 405 942 commeatusssss.
461 903 516 941 Et
540 883 630 954 ego,
656 914 746 953 quae
769 914 836 941 me
860 902 1036 942 sciebam
1058 903 1230 942 fabulari
1259 916 1350 942 cum
1363 904 1593 957 Domino393
1622 910 1737 962 cujus
1765 910 2007 952 beneficiam

100 982 210 1020 tanta
238 983 408 1032 experta·
432 993 561 1029 eram,
589 980 766 1020 fidenter
792 981 1028 1033 repromissi
1058 982 1098 1020 ei
1128 980 1324 1030 dicensss,
1354 984 1526 1024 crastina
1555 986 1621 1025 die
1645 989 1720 1027 tibi
1742 990 2004 1034 renunciabo.

102 1057 157 1098 Et
178 1058 375 1110 postulavi
386 1058 441 1108 42,
479 1062 521 1098 et
549 1061 756 1098 ostensum
786 1062 848 1098 est
878 1059 980 1098 mihi
1007 1058 1113 1098 hoc:
1170 1058 1302 1100 Video
1335 1061 1483 1102 scalam
1497 1060 1534 1088 ‘¹3
1560 1066 1676 1104 mirae
1703 1068 2004 1119 magnitudinis,

101 1114 400 1190 pertingentem
423 1149 551 1188 usque
579 1137 630 1176 ad
659 1138 833 1186 coelum,
866 1141 908 1177 et
931 1141 1153 1190 angustam,
1185 1150 1260 1190 per
1277 1151 1394 1190 quam
1419 1153 1501 1181 non
1519 1143 1597 1182 nisi
1615 1145 1764 1197 singuli
1781 1147 2003 1187 ascendere

193 1292 427 1336 interiorem,
452 1298 495 1328 ut
518 1298 676 1329 vocatur
694 1295 874 1330 Actorum
888 1307 918 1330 c.
927 1295 1027 1329 XVI.
1098 1293 1134 1321 37
1161 1294 1287 1329 Tanta
1304 1300 1346 1330 ut
1363 1297 1538 1340 postulem
1566 1298 1743 1333 visionem.
1790 1301 1842 1335 H.

193 1362 250 1396 24.
295 1362 412 1397 verbo
466 1362 774 1409 refrigeraremus
818 1364 1029 1408 explicatur

196 1432 367 1466 Graecum
400 1431 587 1478 άιάψυχεῖν.
662 1434 714 1468 Η.

122 1513 158 1542 32
183 1513 319 1550 Ferme
357 1517 404 1551 ad
444 1520 607 1552 mortem
635 1519 842 1555 redactum.

124 1604 159 1633 ³3
184 1606 274 1641 Cod.
309 1607 446 1643 Salisb.
511 1609 560 1642 Et
601 1612 873 1652 confortabam,
908 1611 1031 1654 fratri

192 1663 479 1711 commendabam
506 1678 642 1720 filium.
687 1679 736 1713 R.

123 1744 159 1775 ³4
182 1744 374 1780 Palatium
406 1746 628 1790 publicum,
661 1747 701 1782 in
725 1759 797 1792 quo
820 1733 1028 1784 Proconsul

190 1812 254 1856 jus
283 1814 444 1849 dicebat.
503 1815 585 1850 Non
621 1817 733 1851 modo
769 1818 931 1852 carceris
969 1819 1027 1853 in-

192 1883 390 1918 commoda
426 1895 499 1918 non
521 1893 599 1919 'me
633 1877 796 1930 amplius
824 1889 1027 1923 conturba-

190 1950 303 1993 bant,
329 1952 395 1985 sed
427 1957 464 1988 ot
490 1953 536 1988 iis
563 1955 803 1999 gaudebam,
832 1960 1027 2001 tamquam

192 2018 232 2053 in
249 2020 458 2063 splendidis
488 2027 526 2057 et
553 2025 761 2059 commodis
786 2017 932 2061 ‘aedibus
960 2028 1025 2062 de-

193 2099 337 2134 gerem.
413 2090 465 2124 H.

122 2157 158 2185 85
181 2157 244 2192 Sic
275 2159 325 2192 H.
352 2159 449 2193 alibz'.
497 2162 547 2196 R.
593 2158 595 2160 ’

123 2226 158 2254 36
183 2222 245 2262 Sic
265 2226 495 2272 Cyprianus:
536 2233 664 2277 quippe
684 2244 791 2278 quam
819 2234 1026 2269 illustrarat

185 2296 270 2339 jam
313 2297 479 2341 gloriosis
523 2301 635 2335 initiis
687 2303 809 2337 divina
857 2305 1024 2350 dignatio

195 2378 253 2411 ep.
273 2366 307 2400 5.
344 2366 630 2404 confessoribus
649 2372 694 2405 de
716 2383 866 2407 carcere
885 2374 1023 2409 consti-

193 2436 297 2471 tutis.
345 2435 507 2472 Tertull.
526 2439 573 2473 ad
594 2451 700 2476 uxor.
711 2442 742 2476 Ι.
763 2454 793 2476 c.
804 2445 837 2477 4.
856 2444 900 2477 de
919 2455 1024 2478 soro-

191 2505 298 2540 ribus
325 2517 405 2550 quae
432 2507 572 2552 nuptiis
602 2511 838 2545 sanctitatem
867 2517 1022 2558 antepo-

190 2578 305 2609 nunt:
341 2575 385 2608 ab
401 2576 519 2610 eodem
539 2576 737 2624 (Domino)
761 2581 1020 2626 dignationem,

189 2646 286 2679 velut
309 2657 458 2679 munera
477 2646 636 2688 dotalia,
662 2650 933 2696 quotiescunque
957 2653 1020 2687 de-

189 2714 370 2755 siderant,
408 2722 677 2761 consequuntur.
755 2718 802 2752 R.

1099 1383 1136 1412 38
1159 1387 1240 1421 Vox
1268 1398 1288 1420 e
1313 1387 1494 1422 castrensi
1521 1388 1719 1434 disciplina
1746 1392 1794 1426 ad
1822 1392 2001 1431 militiam

1170 1456 1427 1491 Christianam
1449 1458 1621 1492 traducta
1647 1464 1713 1495 est.
1768 1462 2001 1507 commeatus,

1169 1523 1292 1568 inquit
1313 1525 1468 1567 Festus,
1504 1532 1557 1560 est
1584 1533 1721 1573 tempus
1745 1542 1812 1575 quo
1836 1533 1884 1567 iri
1904 1536 2001 1568 redi-

1167 1594 1267 1638 rique
1288 1595 1413 1637 possit.
1475 1594 1561 1629 Alia
1594 1602 1794 1634 auctorum
1823 1605 1860 1637 et
1891 1603 1932 1637 P.
1958 1603 2000 1639 P.

1166 1662 1250 1697 loca
1279 1661 1367 1697 vide
1392 1663 1492 1707 aPud
1522 1665 1778 1720 Holstenium.

1098 1754 1135 1783 39
1171 1755 1304 1791 Gratia
1334 1756 1434 1801 apud
1469 1768 1556 1792 eum
1583 1759 1733 1804 valere,
1768 1763 1896 1807 quales
1936 1765 2001 1809 qui

1167 1824 1411 1871 Principibus
1440 1827 1649 1862 familiares
1674 1835 1771 1866 sunt.
1842 1833 1893 1868 H.

1096 1915 1132 1944 4⁰
1156 1918 1348 1961 Beneficio.
1398 1919 1488 1954 Cod.
1519 1919 1655 1956 salisb.
1708 1922 1758 1959 R.

1094 2008 1130 2036 41
1153 2010 1495 2054 Repromissionibus
1505 2013 1583 2055 ejus
1594 2014 1679 2048 dixi.
1702 2016 1998 2054 Cod.Salisb‚R.

1164 2079 1285 2113 Porro
1306 2081 1493 2122 ejusmodi
1511 2082 1719 2117 visionibus
1738 2084 1928 2131 Martyres
1953 2088 1998 2121 de

1164 2149 1338 2192 proximo
1377 2151 1573 2194 *martyrio
1616 2152 1749 2197 saepius
1788 2155 1997 2190 admonitos

1162 2217 1296 2260 fuisse,
1308 2219 1476 2254 affirmat
1489 2221 1700 2265 Cyprianus
1712 2223 1863 2267 passim,
1875 2224 1998 2260 idem-

1165 2298 1237 2331 que
1267 2291 1452 2324 testantur
1473 2290 1599 2326 omnia
1623 2292 1703 2326 fere
1727 2296 1809 2328 acta
1834 2294 1998 2340 genuina

1165 2368 1210 2391 ex
1239 2354 1378 2392 Africa.
1459 2359 1507 2394 R.

1093 2424 1130 2453 4²
1155 2426 1198 2460 In
1218 2427 1392 2471 precibus
1414 2428 1461 2462 ad
1481 2429 1604 2464 Deum
1624 2429 1732 2466 fusis.

1093 2509 1130 2539 43
1152 2513 1320 2550 Auream.
1369 2513 1495 2547 Codex
1523 2515 1726 2560 Compend.
1746 2515 1882 2553 Salis-b.
1906 2530 1995 2553 vero

1162 2584 1200 2615 et
1235 2581 1472 2624 Corbejensis
1503 2594 1590 2618 cum
1618 2585 1811 2620 Victor-ino
1840 2587 1992 2621 fEream.

1161 2651 1205 2685 In
1244 2651 1435 2685 Casinensi
1473 2664 1552 2704 quor
1586 2665 1674 2688 usus
1720 2655 1855 2698 est-H.
1880 2655 1995 2700 hujus

1160 2721 1268 2757 scalae
1288 2720 1463 2755 materies
1487 2733 1560 2756 non
1585 2723 1822 2767 exprimitur.
1892 2725 1940 2759 R.
