<?xml version="1.0" encoding="UTF-8"?>
<!DOCTYPE html PUBLIC "-//W3C//DTD XHTML 1.0 Transitional//EN"
    "http://www.w3.org/TR/xhtml1/DTD/xhtml1-transitional.dtd">
<html xmlns="http://www.w3.org/1999/xhtml" xml:lang="en" lang="en">
 <head>
  <title>
</title>
<meta http-equiv="Content-Type" content="text/html;charset=utf-8" />
  <meta name='ocr-system' content='tesseract 3.04.00' />
  <meta name='ocr-capabilities' content='ocr_page ocr_carea ocr_par ocr_line ocrx_word'/>
</head>
<body>
  <div class='ocr_page' id='page_1' title='image "./fredericimnter00mn_0181.png"; bbox 0 0 2341 3340; ppageno 0'>
   <div class='ocr_carea' id='block_1_1' title="bbox 1008 114 1107 159">
    <p class='ocr_par' dir='ltr' id='par_1_1' title="bbox 1008 114 1107 159">
     <span class='ocr_line' id='line_1_1' title="bbox 1008 114 1107 159; baseline 0.01 -1"><span class='ocrx_word' id='word_1_1' title='bbox 1008 114 1107 159; x_wconf 86' lang='grc'><strong>169</strong></span> 
     </span>
    </p>
   </div>
   <div class='ocr_carea' id='block_1_2' title="bbox 94 253 2017 2042">
    <p class='ocr_par' dir='ltr' id='par_1_2' title="bbox 98 253 2015 546">
     <span class='ocr_line' id='line_1_2' title="bbox 103 253 2013 314; baseline 0.003 -19"><span class='ocrx_word' id='word_1_2' title='bbox 103 255 256 295; x_wconf 86' lang='lat' dir='ltr'><strong>subibit</strong></span> <span class='ocrx_word' id='word_1_3' title='bbox 311 256 557 309; x_wconf 76' lang='lat' dir='ltr'><strong>Apulejum,</strong></span> <span class='ocrx_word' id='word_1_4' title='bbox 609 259 670 295; x_wconf 84' lang='lat' dir='ltr'><strong>tot</strong></span> <span class='ocrx_word' id='word_1_5' title='bbox 713 255 891 295; x_wconf 81' lang='lat' dir='ltr'><strong>Deorum</strong></span> <span class='ocrx_word' id='word_1_6' title='bbox 938 253 1151 306; x_wconf 79' lang='lat' dir='ltr'><strong>Mysteriis</strong></span> <span class='ocrx_word' id='word_1_7' title='bbox 1197 254 1426 306; x_wconf 82' lang='lat' dir='ltr'><strong>initiatum,</strong></span> <span class='ocrx_word' id='word_1_8' title='bbox 1469 259 1748 299; x_wconf 57' lang='lat' dir='ltr'><strong>sacerdotem</strong></span> <span class='ocrx_word' id='word_1_9' title='bbox 1793 266 2013 314; x_wconf 69' lang='lat' dir='ltr'><strong>praeterea</strong></span> 
     </span>
     <span class='ocr_line' id='line_1_3' title="bbox 104 333 2015 391; baseline 0.001 -15"><span class='ocrx_word' id='word_1_10' title='bbox 104 336 360 391; x_wconf 65' lang='lat' dir='ltr'><strong>Aesculapii</strong></span> <span class='ocrx_word' id='word_1_11' title='bbox 380 335 445 383; x_wconf 82' lang='lat'><strong>21,</strong></span> <span class='ocrx_word' id='word_1_12' title='bbox 506 334 747 374; x_wconf 85' lang='lat' dir='ltr'><strong>Christianis</strong></span> <span class='ocrx_word' id='word_1_13' title='bbox 792 333 997 371; x_wconf 81' lang='lat' dir='ltr'><strong>insensum</strong></span> <span class='ocrx_word' id='word_1_14' title='bbox 1045 333 1209 371; x_wconf 85' lang='lat' dir='ltr'><strong>fuisse:</strong></span> <span class='ocrx_word' id='word_1_15' title='bbox 1275 334 1458 385; x_wconf 85' lang='lat' dir='ltr'>inprimis</span> <span class='ocrx_word' id='word_1_16' title='bbox 1501 337 1536 375; x_wconf 93' lang='lat' dir='ltr'><strong>si</strong></span> <span class='ocrx_word' id='word_1_17' title='bbox 1575 349 1669 375; x_wconf 88' lang='lat' dir='ltr'><strong>vera</strong></span> <span class='ocrx_word' id='word_1_18' title='bbox 1708 341 1771 377; x_wconf 89' lang='lat' dir='ltr'><strong>est</strong></span> <span class='ocrx_word' id='word_1_19' title='bbox 1807 338 2015 379; x_wconf 85' lang='lat' dir='ltr'><strong>Guilielmi</strong></span> 
     </span>
     <span class='ocr_line' id='line_1_4' title="bbox 100 411 2015 468; baseline 0.003 -16"><span class='ocrx_word' id='word_1_20' title='bbox 100 412 361 453; x_wconf 80' lang='lat' dir='ltr'><strong>Warburtoni</strong></span> <span class='ocrx_word' id='word_1_21' title='bbox 393 414 574 465; x_wconf 84' lang='lat' dir='ltr'><strong>episcopi</strong></span> <span class='ocrx_word' id='word_1_22' title='bbox 598 411 936 450; x_wconf 86' lang='lat' dir='ltr'><strong>Glocesteriensis</strong></span> <span class='ocrx_word' id='word_1_23' title='bbox 963 411 1211 464; x_wconf 87' lang='lat' dir='ltr'><strong>conjectura,</strong></span> <span class='ocrx_word' id='word_1_24' title='bbox 1242 411 1482 464; x_wconf 85' lang='lat' dir='ltr'><strong>Apologiam</strong></span> <span class='ocrx_word' id='word_1_25' title='bbox 1511 414 1673 467; x_wconf 87' lang='lat' dir='ltr'><strong>Apuleji</strong></span> <span class='ocrx_word' id='word_1_26' title='bbox 1701 418 1891 468; x_wconf 86' lang='lat' dir='ltr'><strong>scriptam</strong></span> <span class='ocrx_word' id='word_1_27' title='bbox 1925 430 2015 457; x_wconf 87' lang='lat' dir='ltr'><strong>esse</strong></span> 
     </span>
     <span class='ocr_line' id='line_1_5' title="bbox 98 489 2015 546; baseline 0.002 -14"><span class='ocrx_word' id='word_1_28' title='bbox 98 492 290 532; x_wconf 72' lang='lat' dir='ltr'><strong>adversus</strong></span> <span class='ocrx_word' id='word_1_29' title='bbox 321 493 615 537; x_wconf 79' lang='lat' dir='ltr'>Aemilianum,</span> <span class='ocrx_word' id='word_1_30' title='bbox 661 489 961 538; x_wconf 74' lang='lat' dir='ltr'><strong>Christianum,</strong></span> <span class='ocrx_word' id='word_1_31' title='bbox 1005 491 1075 540; x_wconf 86' lang='lat' dir='ltr'><strong>qui</strong></span> <span class='ocrx_word' id='word_1_32' title='bbox 1111 503 1204 530; x_wconf 88' lang='lat' dir='ltr'><strong>eum</strong></span> <span class='ocrx_word' id='word_1_33' title='bbox 1247 491 1391 542; x_wconf 81' lang='lat' dir='ltr'><strong>magiae</strong></span> <span class='ocrx_word' id='word_1_34' title='bbox 1435 496 1721 533; x_wconf 81' lang='lat' dir='ltr'><strong>accusasset22.</strong></span> <span class='ocrx_word' id='word_1_35' title='bbox 1757 496 2015 546; x_wconf 62' lang='lat' dir='ltr'><strong>‘Utrumque</strong></span> 
     </span>
    </p>

    <p class='ocr_par' dir='ltr' id='par_1_3' title="bbox 94 568 2017 2042">
     <span class='ocr_line' id='line_1_6' title="bbox 98 568 2009 621; baseline 0.001 -10"><span class='ocrx_word' id='word_1_36' title='bbox 98 583 216 619; x_wconf 78' lang='lat' dir='ltr'><strong>vero,</strong></span> <span class='ocrx_word' id='word_1_37' title='bbox 255 570 474 610; x_wconf 83' lang='lat' dir='ltr'><strong>Frontonis</strong></span> <span class='ocrx_word' id='word_1_38' title='bbox 514 569 788 620; x_wconf 80' lang='lat' dir='ltr'><strong>fragmentum</strong></span> <span class='ocrx_word' id='word_1_39' title='bbox 819 573 941 619; x_wconf 84' lang='lat' dir='ltr'><strong>atque</strong></span> <span class='ocrx_word' id='word_1_40' title='bbox 979 568 1139 621; x_wconf 86' lang='lat' dir='ltr'><strong>Apuleji</strong></span> <span class='ocrx_word' id='word_1_41' title='bbox 1171 582 1370 618; x_wconf 89' lang='lat' dir='ltr'><strong>scomma,</strong></span> <span class='ocrx_word' id='word_1_42' title='bbox 1417 583 1507 621; x_wconf 82' lang='lat' dir='ltr'><strong>quae</strong></span> <span class='ocrx_word' id='word_1_43' title='bbox 1546 571 1717 612; x_wconf 82' lang='lat' dir='ltr'><strong>forsitan</strong></span> <span class='ocrx_word' id='word_1_44' title='bbox 1754 574 2009 613; x_wconf 77' lang='lat' dir='ltr'><strong>Tertulliano</strong></span> 
     </span>
     <span class='ocr_line' id='line_1_7' title="bbox 97 647 2015 706; baseline 0.002 -16"><span class='ocrx_word' id='word_1_45' title='bbox 97 651 338 697; x_wconf 83' lang='lat' dir='ltr'><strong>innotuere,</strong></span> <span class='ocrx_word' id='word_1_46' title='bbox 378 651 422 687; x_wconf 89' lang='lat' dir='ltr'><strong>et</strong></span> <span class='ocrx_word' id='word_1_47' title='bbox 451 648 485 686; x_wconf 94' lang='lat' dir='ltr'><strong>si</strong></span> <span class='ocrx_word' id='word_1_48' title='bbox 516 660 599 686; x_wconf 89' lang='lat' dir='ltr'><strong>non</strong></span> <span class='ocrx_word' id='word_1_49' title='bbox 622 647 735 695; x_wconf 81' lang='lat' dir='ltr'><strong>haec,</strong></span> <span class='ocrx_word' id='word_1_50' title='bbox 779 651 892 686; x_wconf 87' lang='lat' dir='ltr'><strong>certe</strong></span> <span class='ocrx_word' id='word_1_51' title='bbox 927 652 1063 687; x_wconf 85' lang='lat' dir='ltr'><strong>tamen</strong></span> <span class='ocrx_word' id='word_1_52' title='bbox 1094 661 1278 688; x_wconf 89' lang='lat' dir='ltr'><strong>rumores</strong></span> <span class='ocrx_word' id='word_1_53' title='bbox 1307 650 1350 688; x_wconf 91' lang='lat' dir='ltr'><strong>in</strong></span> <span class='ocrx_word' id='word_1_54' title='bbox 1378 649 1521 701; x_wconf 84' lang='lat' dir='ltr'><strong>vulgus</strong></span> <span class='ocrx_word' id='word_1_55' title='bbox 1553 651 1695 701; x_wconf 90' lang='lat' dir='ltr'><strong>sparsi,</strong></span> <span class='ocrx_word' id='word_1_56' title='bbox 1738 665 1839 701; x_wconf 87' lang='lat' dir='ltr'><strong>quos</strong></span> <span class='ocrx_word' id='word_1_57' title='bbox 1867 655 2015 706; x_wconf 83' lang='lat' dir='ltr'><strong>saepius</strong></span> 
     </span>
     <span class='ocr_line' id='line_1_8' title="bbox 97 726 2015 780; baseline 0.002 -13"><span class='ocrx_word' id='word_1_58' title='bbox 97 728 264 780; x_wconf 84' lang='lat' dir='ltr'><strong>respicit</strong></span> <span class='ocrx_word' id='word_1_59' title='bbox 278 727 340 775; x_wconf 77' lang='lat'><strong>23,</strong></span> <span class='ocrx_word' id='word_1_60' title='bbox 392 727 552 765; x_wconf 84' lang='lat' dir='ltr'><strong>abunde</strong></span> <span class='ocrx_word' id='word_1_61' title='bbox 590 726 822 776; x_wconf 85' lang='lat' dir='ltr'><strong>declarant,</strong></span> <span class='ocrx_word' id='word_1_62' title='bbox 871 739 1080 777; x_wconf 89' lang='lat' dir='ltr'><strong>quousque</strong></span> <span class='ocrx_word' id='word_1_63' title='bbox 1118 727 1215 773; x_wconf 50' lang='lat' dir='ltr'><strong>,odia</strong></span> <span class='ocrx_word' id='word_1_64' title='bbox 1249 729 1292 767; x_wconf 90' lang='lat' dir='ltr'><strong>in</strong></span> <span class='ocrx_word' id='word_1_65' title='bbox 1327 728 1590 767; x_wconf 74' lang='lat' dir='ltr'><strong>,Christianos</strong></span> <span class='ocrx_word' id='word_1_66' title='bbox 1633 731 1932 780; x_wconf 83' lang='lat' dir='ltr'><strong>processerint,</strong></span> <span class='ocrx_word' id='word_1_67' title='bbox 1973 738 2015 771; x_wconf 87' lang='lat' dir='ltr'><strong>et</strong></span> 
     </span>
     <span class='ocr_line' id='line_1_9' title="bbox 97 806 2017 860; baseline 0.002 -14"><span class='ocrx_word' id='word_1_68' title='bbox 97 810 242 859; x_wconf 89' lang='lat' dir='ltr'><strong>quanta</strong></span> <span class='ocrx_word' id='word_1_69' title='bbox 269 806 466 857; x_wconf 83' lang='lat' dir='ltr'><strong>sapientia</strong></span> <span class='ocrx_word' id='word_1_70' title='bbox 488 806 639 857; x_wconf 84' lang='lat' dir='ltr'><strong>pariter</strong></span> <span class='ocrx_word' id='word_1_71' title='bbox 663 819 711 845; x_wconf 90' lang='lat' dir='ltr'><strong>ac</strong></span> <span class='ocrx_word' id='word_1_72' title='bbox 739 806 964 844; x_wconf 85' lang='lat' dir='ltr'><strong>constantia</strong></span> <span class='ocrx_word' id='word_1_73' title='bbox 991 818 1092 858; x_wconf 89' lang='lat' dir='ltr'><strong>opus</strong></span> <span class='ocrx_word' id='word_1_74' title='bbox 1122 806 1249 846; x_wconf 85' lang='lat' dir='ltr'><strong>fuerit</strong></span> <span class='ocrx_word' id='word_1_75' title='bbox 1274 807 1464 860; x_wconf 88' lang='lat' dir='ltr'><strong>Trajano,</strong></span> <span class='ocrx_word' id='word_1_76' title='bbox 1493 806 1700 846; x_wconf 82' lang='lat' dir='ltr'><strong>Hadriano</strong></span> <span class='ocrx_word' id='word_1_77' title='bbox 1734 815 1776 848; x_wconf 85' lang='lat' dir='ltr'><strong>ct</strong></span> <span class='ocrx_word' id='word_1_78' title='bbox 1803 809 2017 855; x_wconf 84' lang='lat' dir='ltr'><strong>Antoninis</strong></span> 
     </span>
     <span class='ocr_line' id='line_1_10' title="bbox 98 883 2014 944; baseline 0.002 -19"><span class='ocrx_word' id='word_1_79' title='bbox 98 885 289 937; x_wconf 80' lang='lat' dir='ltr'><strong>Augustis</strong></span> <span class='ocrx_word' id='word_1_80' title='bbox 311 885 362 924; x_wconf 90' lang='lat' dir='ltr'><strong>ad</strong></span> <span class='ocrx_word' id='word_1_81' title='bbox 378 884 624 923; x_wconf 88' lang='lat' dir='ltr'><strong>coercendas</strong></span> <span class='ocrx_word' id='word_1_82' title='bbox 653 885 749 923; x_wconf 86' lang='lat' dir='ltr'><strong>istas</strong></span> <span class='ocrx_word' id='word_1_83' title='bbox 764 885 858 933; x_wconf 87' lang='lat' dir='ltr'><strong>iras,</strong></span> <span class='ocrx_word' id='word_1_84' title='bbox 889 883 1223 937; x_wconf 84' lang='lat' dir='ltr'><strong>Christianosque</strong></span> <span class='ocrx_word' id='word_1_85' title='bbox 1252 900 1275 925; x_wconf 89' lang='lat' dir='ltr'><strong>a</strong></span> <span class='ocrx_word' id='word_1_86' title='bbox 1300 887 1665 944; x_wconf 26' lang='lat' dir='ltr'><strong>persecutionibus·</strong></span> <span class='ocrx_word' id='word_1_87' title='bbox 1683 901 1763 927; x_wconf 90' lang='lat' dir='ltr'><strong>non</strong></span> <span class='ocrx_word' id='word_1_88' title='bbox 1790 889 2014 941; x_wconf 76' lang='lat' dir='ltr'><strong>plebeculae</strong></span> 
     </span>
     <span class='ocr_line' id='line_1_11' title="bbox 96 956 2014 1017; baseline 0.003 -14"><span class='ocrx_word' id='word_1_89' title='bbox 96 968 279 1013; x_wconf 82' lang='lat' dir='ltr'><strong>tantum,</strong></span> <span class='ocrx_word' id='word_1_90' title='bbox 329 956 468 1002; x_wconf 79' lang='lat' dir='ltr'><strong>verum</strong></span> <span class='ocrx_word' id='word_1_91' title='bbox 506 963 762 1003; x_wconf 87' lang='lat' dir='ltr'><strong>sacerdotum</strong></span> <span class='ocrx_word' id='word_1_92' title='bbox 808 977 992 1016; x_wconf 85' lang='lat' dir='ltr'><strong>quoque,</strong></span> <span class='ocrx_word' id='word_1_93' title='bbox 1037 968 1080 1002; x_wconf 90' lang='lat' dir='ltr'><strong>et</strong></span> <span class='ocrx_word' id='word_1_94' title='bbox 1117 966 1455 1016; x_wconf 84' lang='lat' dir='ltr'><strong>philosophorum</strong></span> <span class='ocrx_word' id='word_1_95' title='bbox 1489 967 1557 1017; x_wconf 89' lang='lat' dir='ltr'><strong>qni</strong></span> <span class='ocrx_word' id='word_1_96' title='bbox 1595 967 1742 1006; x_wconf 85' lang='lat' dir='ltr'><strong>foedus</strong></span> <span class='ocrx_word' id='word_1_97' title='bbox 1779 981 1871 1007; x_wconf 90' lang='lat' dir='ltr'><strong>cum</strong></span> <span class='ocrx_word' id='word_1_98' title='bbox 1898 969 2014 1008; x_wconf 84' lang='lat' dir='ltr'><strong>hisce</strong></span> 
     </span>
     <span class='ocr_line' id='line_1_12' title="bbox 96 1041 2014 1095; baseline 0.003 -14"><span class='ocrx_word' id='word_1_99' title='bbox 96 1044 346 1095; x_wconf 81' lang='lat' dir='ltr'><strong>pepigerant,</strong></span> <span class='ocrx_word' id='word_1_100' title='bbox 376 1043 643 1095; x_wconf 85' lang='lat' dir='ltr'><strong>sospitandos.</strong></span> <span class='ocrx_word' id='word_1_101' title='bbox 702 1043 759 1082; x_wconf 87' lang='lat' dir='ltr'><strong>Hi</strong></span> <span class='ocrx_word' id='word_1_102' title='bbox 790 1043 911 1090; x_wconf 89' lang='lat' dir='ltr'><strong>enim,</strong></span> <span class='ocrx_word' id='word_1_103' title='bbox 941 1043 1037 1081; x_wconf 87' lang='lat' dir='ltr'><strong>licet</strong></span> <span class='ocrx_word' id='word_1_104' title='bbox 1065 1043 1143 1094; x_wconf 89' lang='lat' dir='ltr'><strong>ipsi</strong></span> <span class='ocrx_word' id='word_1_105' title='bbox 1171 1044 1424 1083; x_wconf 86' lang='lat' dir='ltr'><strong>liberaiiores</strong></span> <span class='ocrx_word' id='word_1_106' title='bbox 1454 1045 1505 1083; x_wconf 89' lang='lat' dir='ltr'><strong>de</strong></span> <span class='ocrx_word' id='word_1_107' title='bbox 1526 1046 1649 1083; x_wconf 83' lang='lat' dir='ltr'><strong>rebus</strong></span> <span class='ocrx_word' id='word_1_108' title='bbox 1683 1045 1826 1085; x_wconf 72' lang='lat' dir='ltr'><strong>divinis</strong></span> <span class='ocrx_word' id='word_1_109' title='bbox 1859 1041 2014 1087; x_wconf 73' lang='lat' dir='ltr'><strong>alerent</strong></span> 
     </span>
     <span class='ocr_line' id='line_1_13' title="bbox 98 1122 2012 1176; baseline 0.003 -16"><span class='ocrx_word' id='word_1_110' title='bbox 98 1126 140 1160; x_wconf 89' lang='lat' dir='ltr'><strong>et</strong></span> <span class='ocrx_word' id='word_1_111' title='bbox 177 1122 387 1161; x_wconf 81' lang='lat' dir='ltr'><strong>traderent</strong></span> <span class='ocrx_word' id='word_1_112' title='bbox 429 1123 471 1161; x_wconf 91' lang='lat' dir='ltr'><strong>in</strong></span> <span class='ocrx_word' id='word_1_113' title='bbox 506 1122 589 1161; x_wconf 89' lang='lat' dir='ltr'><strong>suis</strong></span> <span class='ocrx_word' id='word_1_114' title='bbox 625 1122 775 1161; x_wconf 91' lang='lat' dir='ltr'><strong>scholis</strong></span> <span class='ocrx_word' id='word_1_115' title='bbox 813 1122 975 1174; x_wconf 82' lang='lat' dir='ltr'><strong>publice</strong></span> <span class='ocrx_word' id='word_1_116' title='bbox 1018 1123 1264 1171; x_wconf 85' lang='lat' dir='ltr'><strong>sententias,</strong></span> <span class='ocrx_word' id='word_1_117' title='bbox 1312 1127 1446 1162; x_wconf 88' lang='lat' dir='ltr'><strong>tamen</strong></span> <span class='ocrx_word' id='word_1_118' title='bbox 1484 1125 1719 1176; x_wconf 82' lang='lat' dir='ltr'><strong>popularem</strong></span> <span class='ocrx_word' id='word_1_119' title='bbox 1755 1126 2012 1176; x_wconf 79' lang='lat' dir='ltr'><strong>religIOnem,</strong></span> 
     </span>
     <span class='ocr_line' id='line_1_14' title="bbox 98 1200 2015 1257; baseline 0.003 -19"><span class='ocrx_word' id='word_1_120' title='bbox 98 1201 258 1257; x_wconf 71' lang='lat' dir='ltr'><strong>civilem</strong></span> <span class='ocrx_word' id='word_1_121' title='bbox 290 1201 425 1248; x_wconf 85' lang='lat' dir='ltr'><strong>illam,</strong></span> <span class='ocrx_word' id='word_1_122' title='bbox 468 1213 559 1239; x_wconf 89' lang='lat' dir='ltr'><strong>cum</strong></span> <span class='ocrx_word' id='word_1_123' title='bbox 591 1202 786 1240; x_wconf 87' lang='lat' dir='ltr'><strong>institutis</strong></span> <span class='ocrx_word' id='word_1_124' title='bbox 828 1201 1065 1252; x_wconf 84' lang='lat' dir='ltr'><strong>reipublicae</strong></span> <span class='ocrx_word' id='word_1_125' title='bbox 1106 1201 1342 1241; x_wconf 84' lang='lat' dir='ltr'><strong>arctissimis</strong></span> <span class='ocrx_word' id='word_1_126' title='bbox 1371 1202 1541 1239; x_wconf 79' lang='lat' dir='ltr'><strong>vinculis</strong></span> <span class='ocrx_word' id='word_1_127' title='bbox 1573 1214 1715 1240; x_wconf 80' lang='lat' dir='ltr'><strong>nexam</strong></span> <span class='ocrx_word' id='word_1_128' title='bbox 1748 1204 1915 1242; x_wconf 90' lang='lat' dir='ltr'><strong>minime</strong></span> <span class='ocrx_word' id='word_1_129' title='bbox 1947 1200 2015 1243; x_wconf 30' lang='lat' dir='ltr'><strong>ad*—</strong></span> 
     </span>
     <span class='ocr_line' id='line_1_15' title="bbox 97 1278 2013 1333; baseline 0.002 -16"><span class='ocrx_word' id='word_1_130' title='bbox 97 1279 226 1330; x_wconf 78' lang='lat' dir='ltr'><strong>gressi</strong></span> <span class='ocrx_word' id='word_1_131' title='bbox 252 1283 358 1327; x_wconf 89' lang='lat' dir='ltr'><strong>sunt,</strong></span> <span class='ocrx_word' id='word_1_132' title='bbox 385 1293 524 1320; x_wconf 83' lang='lat' dir='ltr'><strong>verum</strong></span> <span class='ocrx_word' id='word_1_133' title='bbox 545 1282 680 1333; x_wconf 88' lang='lat' dir='ltr'><strong>potius</strong></span> <span class='ocrx_word' id='word_1_134' title='bbox 706 1279 1003 1317; x_wconf 80' lang='lat' dir='ltr'><strong>defenderunt:</strong></span> <span class='ocrx_word' id='word_1_135' title='bbox 1041 1279 1152 1316; x_wconf 86' lang='lat' dir='ltr'><strong>illius</strong></span> <span class='ocrx_word' id='word_1_136' title='bbox 1170 1278 1356 1330; x_wconf 88' lang='lat' dir='ltr'><strong>inprimis</strong></span> <span class='ocrx_word' id='word_1_137' title='bbox 1377 1279 1506 1317; x_wconf 79' lang='lat' dir='ltr'><strong>aetatis</strong></span> <span class='ocrx_word' id='word_1_138' title='bbox 1525 1278 1772 1331; x_wconf 84' lang='lat' dir='ltr'><strong>philosophi,</strong></span> <span class='ocrx_word' id='word_1_139' title='bbox 1807 1282 1876 1332; x_wconf 88' lang='lat' dir='ltr'><strong>qui</strong></span> <span class='ocrx_word' id='word_1_140' title='bbox 1890 1287 2013 1322; x_wconf 78' lang='lat' dir='ltr'><strong>sectae</strong></span> 
     </span>
     <span class='ocr_line' id='line_1_16' title="bbox 94 1356 2014 1412; baseline 0.002 -16"><span class='ocrx_word' id='word_1_141' title='bbox 94 1357 399 1409; x_wconf 78' lang='lat' dir='ltr'><strong>Neoplatonicae</strong></span> <span class='ocrx_word' id='word_1_142' title='bbox 430 1359 608 1408; x_wconf 89' lang='lat' dir='ltr'><strong>addicti,</strong></span> <span class='ocrx_word' id='word_1_143' title='bbox 654 1371 726 1397; x_wconf 89' lang='lat' dir='ltr'><strong>sua</strong></span> <span class='ocrx_word' id='word_1_144' title='bbox 757 1357 810 1395; x_wconf 90' lang='lat' dir='ltr'><strong>de</strong></span> <span class='ocrx_word' id='word_1_145' title='bbox 846 1356 1299 1396; x_wconf 81' lang='lat' dir='ltr'><strong>daemonibusdecreta</strong></span> <span class='ocrx_word' id='word_1_146' title='bbox 1329 1370 1420 1396; x_wconf 88' lang='lat' dir='ltr'><strong>cum</strong></span> <span class='ocrx_word' id='word_1_147' title='bbox 1447 1357 1720 1409; x_wconf 79' lang='lat' dir='ltr'><strong>polytheismo</strong></span> <span class='ocrx_word' id='word_1_148' title='bbox 1750 1359 2014 1412; x_wconf 80' lang='lat' dir='ltr'><strong>conjungere,</strong></span> 
     </span>
     <span class='ocr_line' id='line_1_17' title="bbox 97 1434 2016 1490; baseline 0.002 -16"><span class='ocrx_word' id='word_1_149' title='bbox 97 1441 138 1474; x_wconf 87' lang='lat' dir='ltr'><strong>et</strong></span> <span class='ocrx_word' id='word_1_150' title='bbox 167 1436 263 1475; x_wconf 90' lang='lat' dir='ltr'><strong>huic</strong></span> <span class='ocrx_word' id='word_1_151' title='bbox 291 1438 438 1476; x_wconf 84' lang='lat' dir='ltr'><strong>iisdem</strong></span> <span class='ocrx_word' id='word_1_152' title='bbox 468 1450 570 1476; x_wconf 74' lang='lat' dir='ltr'><strong>nova</strong></span> <span class='ocrx_word' id='word_1_153' title='bbox 599 1438 728 1476; x_wconf 88' lang='lat' dir='ltr'><strong>fulcra</strong></span> <span class='ocrx_word' id='word_1_154' title='bbox 757 1449 912 1488; x_wconf 86' lang='lat' dir='ltr'><strong>parare,</strong></span> <span class='ocrx_word' id='word_1_155' title='bbox 951 1436 1061 1474; x_wconf 90' lang='lat' dir='ltr'><strong>omni</strong></span> <span class='ocrx_word' id='word_1_156' title='bbox 1090 1434 1225 1474; x_wconf 91' lang='lat' dir='ltr'><strong>studio</strong></span> <span class='ocrx_word' id='word_1_157' title='bbox 1254 1435 1538 1475; x_wconf 83' lang='lat' dir='ltr'><strong>allaborarunt.</strong></span> <span class='ocrx_word' id='word_1_158' title='bbox 1596 1436 1717 1476; x_wconf 87' lang='lat' dir='ltr'><strong>Unde</strong></span> <span class='ocrx_word' id='word_1_159' title='bbox 1740 1437 2016 1490; x_wconf 68' lang='lat' dir='ltr'><strong>maximopere</strong></span> 
     </span>
     <span class='ocr_line' id='line_1_18' title="bbox 95 1514 2014 1567; baseline 0.002 -14"><span class='ocrx_word' id='word_1_160' title='bbox 95 1515 145 1553; x_wconf 89' lang='lat' dir='ltr'><strong>iis</strong></span> <span class='ocrx_word' id='word_1_161' title='bbox 182 1515 474 1567; x_wconf 86' lang='lat' dir='ltr'><strong>displicuerunt</strong></span> <span class='ocrx_word' id='word_1_162' title='bbox 512 1516 722 1556; x_wconf 88' lang='lat' dir='ltr'><strong>conamina</strong></span> <span class='ocrx_word' id='word_1_163' title='bbox 762 1516 1115 1562; x_wconf 87' lang='lat' dir='ltr'><strong>Christianorum,</strong></span> <span class='ocrx_word' id='word_1_164' title='bbox 1161 1514 1230 1564; x_wconf 84' lang='lat' dir='ltr'><strong>qui</strong></span> <span class='ocrx_word' id='word_1_165' title='bbox 1269 1514 1348 1566; x_wconf 87' lang='lat' dir='ltr'><strong>ipsi</strong></span> <span class='ocrx_word' id='word_1_166' title='bbox 1382 1515 1494 1566; x_wconf 90' lang='lat' dir='ltr'><strong>plebi</strong></span> <span class='ocrx_word' id='word_1_167' title='bbox 1544 1516 1812 1567; x_wconf 89' lang='lat' dir='ltr'><strong>omnibusque</strong></span> <span class='ocrx_word' id='word_1_168' title='bbox 1851 1518 2014 1557; x_wconf 91' lang='lat' dir='ltr'><strong>omnino</strong></span> 
     </span>
     <span class='ocr_line' id='line_1_19' title="bbox 96 1593 2015 1649; baseline 0.001 -17"><span class='ocrx_word' id='word_1_169' title='bbox 96 1594 328 1634; x_wconf 84' lang='lat' dir='ltr'><strong>hominibus</strong></span> <span class='ocrx_word' id='word_1_170' title='bbox 355 1597 406 1635; x_wconf 88' lang='lat' dir='ltr'><strong>ad</strong></span> <span class='ocrx_word' id='word_1_171' title='bbox 434 1597 711 1649; x_wconf 80' lang='lat' dir='ltr'><strong>cognitionem</strong></span> <span class='ocrx_word' id='word_1_172' title='bbox 740 1595 859 1634; x_wconf 90' lang='lat' dir='ltr'><strong>unius</strong></span> <span class='ocrx_word' id='word_1_173' title='bbox 890 1594 977 1632; x_wconf 88' lang='lat' dir='ltr'><strong>veri</strong></span> <span class='ocrx_word' id='word_1_174' title='bbox 1008 1593 1085 1632; x_wconf 89' lang='lat' dir='ltr'><strong>Dei</strong></span> <span class='ocrx_word' id='word_1_175' title='bbox 1111 1593 1265 1633; x_wconf 89' lang='lat' dir='ltr'><strong>aditum</strong></span> <span class='ocrx_word' id='word_1_176' title='bbox 1296 1594 1456 1633; x_wconf 86' lang='lat' dir='ltr'><strong>munire</strong></span> <span class='ocrx_word' id='word_1_177' title='bbox 1491 1594 1746 1633; x_wconf 90' lang='lat' dir='ltr'><strong>studuerunt.</strong></span> <span class='ocrx_word' id='word_1_178' title='bbox 1803 1595 1858 1634; x_wconf 88' lang='lat' dir='ltr'><strong>Et</strong></span> <span class='ocrx_word' id='word_1_179' title='bbox 1893 1596 1927 1634; x_wconf 92' lang='lat' dir='ltr'><strong>si</strong></span> <span class='ocrx_word' id='word_1_180' title='bbox 1956 1595 2015 1644; x_wconf 90' lang='lat' dir='ltr'><strong>hi,</strong></span> 
     </span>
     <span class='ocr_line' id='line_1_20' title="bbox 99 1672 2014 1726; baseline 0.002 -15"><span class='ocrx_word' id='word_1_181' title='bbox 99 1673 208 1724; x_wconf 85' lang='lat' dir='ltr'><strong>quod</strong></span> <span class='ocrx_word' id='word_1_182' title='bbox 256 1674 420 1725; x_wconf 87' lang='lat' dir='ltr'><strong>quidem</strong></span> <span class='ocrx_word' id='word_1_183' title='bbox 457 1674 509 1713; x_wconf 91' lang='lat' dir='ltr'><strong>de</strong></span> <span class='ocrx_word' id='word_1_184' title='bbox 556 1675 730 1726; x_wconf 87' lang='lat' dir='ltr'><strong>Apulejo</strong></span> <span class='ocrx_word' id='word_1_185' title='bbox 773 1675 949 1720; x_wconf 88' lang='lat' dir='ltr'><strong>constat,</strong></span> <span class='ocrx_word' id='word_1_186' title='bbox 997 1672 1203 1724; x_wconf 81' lang='lat' dir='ltr'><strong>mysteriis</strong></span> <span class='ocrx_word' id='word_1_187' title='bbox 1256 1673 1505 1725; x_wconf 82' lang='lat' dir='ltr'><strong>magicisque</strong></span> <span class='ocrx_word' id='word_1_188' title='bbox 1541 1673 1720 1721; x_wconf 86' lang='lat' dir='ltr'><strong>artibus,</strong></span> <span class='ocrx_word' id='word_1_189' title='bbox 1773 1673 2014 1714; x_wconf 85' lang='lat' dir='ltr'><strong>Christianis</strong></span> 
     </span>
     <span class='ocr_line' id='line_1_21' title="bbox 97 1750 2013 1804; baseline 0.001 -14"><span class='ocrx_word' id='word_1_190' title='bbox 97 1757 308 1804; x_wconf 76' lang='lat' dir='ltr'><strong>tantopere</strong></span> <span class='ocrx_word' id='word_1_191' title='bbox 348 1754 514 1802; x_wconf 78' lang='lat' dir='ltr'><strong>invisis,</strong></span> <span class='ocrx_word' id='word_1_192' title='bbox 557 1753 709 1792; x_wconf 90' lang='lat' dir='ltr'><strong>addicti</strong></span> <span class='ocrx_word' id='word_1_193' title='bbox 747 1757 902 1800; x_wconf 86' lang='lat' dir='ltr'><strong>essent,</strong></span> <span class='ocrx_word' id='word_1_194' title='bbox 945 1755 1057 1791; x_wconf 86' lang='lat' dir='ltr'><strong>tanto</strong></span> <span class='ocrx_word' id='word_1_195' title='bbox 1092 1750 1312 1790; x_wconf 88' lang='lat' dir='ltr'><strong>incitatiori</strong></span> <span class='ocrx_word' id='word_1_196' title='bbox 1353 1752 1397 1791; x_wconf 93' lang='lat' dir='ltr'><strong>in</strong></span> <span class='ocrx_word' id='word_1_197' title='bbox 1435 1751 1688 1790; x_wconf 79' lang='lat' dir='ltr'><strong>Christianos</strong></span> <span class='ocrx_word' id='word_1_198' title='bbox 1718 1753 1850 1791; x_wconf 89' lang='lat' dir='ltr'><strong>animo</strong></span> <span class='ocrx_word' id='word_1_199' title='bbox 1882 1753 2013 1792; x_wconf 83' lang='lat' dir='ltr'><strong>fuere.</strong></span> 
     </span>
     <span class='ocr_line' id='line_1_22' title="bbox 96 1829 2012 1884; baseline 0.002 -16"><span class='ocrx_word' id='word_1_200' title='bbox 96 1829 281 1869; x_wconf 84' lang='lat' dir='ltr'><strong>Accessit</strong></span> <span class='ocrx_word' id='word_1_201' title='bbox 312 1834 511 1882; x_wconf 86' lang='lat' dir='ltr'><strong>praeterea</strong></span> <span class='ocrx_word' id='word_1_202' title='bbox 542 1845 630 1871; x_wconf 88' lang='lat' dir='ltr'><strong>mos</strong></span> <span class='ocrx_word' id='word_1_203' title='bbox 657 1831 981 1870; x_wconf 86' lang='lat' dir='ltr'><strong>Christianorum</strong></span> <span class='ocrx_word' id='word_1_204' title='bbox 1012 1829 1306 1878; x_wconf 84' lang='lat' dir='ltr'><strong>eruditiorum,</strong></span> <span class='ocrx_word' id='word_1_205' title='bbox 1348 1831 1537 1882; x_wconf 87' lang='lat' dir='ltr'><strong>seipsos</strong></span> <span class='ocrx_word' id='word_1_206' title='bbox 1567 1829 1843 1882; x_wconf 85' lang='lat' dir='ltr'><strong>Philosophos</strong></span> <span class='ocrx_word' id='word_1_207' title='bbox 1877 1833 2012 1884; x_wconf 82' lang='lat' dir='ltr'><strong>appel-</strong></span> 
     </span>
     <span class='ocr_line' id='line_1_23' title="bbox 96 1907 2013 1962; baseline 0.002 -16"><span class='ocrx_word' id='word_1_208' title='bbox 96 1908 226 1957; x_wconf 86' lang='lat' dir='ltr'><strong>landi,</strong></span> <span class='ocrx_word' id='word_1_209' title='bbox 263 1909 465 1960; x_wconf 88' lang='lat' dir='ltr'><strong>pallioque</strong></span> <span class='ocrx_word' id='word_1_210' title='bbox 497 1910 782 1962; x_wconf 87' lang='lat' dir='ltr'><strong>philosophico</strong></span> <span class='ocrx_word' id='word_1_211' title='bbox 812 1909 877 1947; x_wconf 84' lang='lat' dir='ltr'><strong>vel</strong></span> <span class='ocrx_word' id='word_1_212' title='bbox 909 1907 1132 1948; x_wconf 73' lang='lat' dir='ltr'><strong>ascetico2⁴</strong></span> <span class='ocrx_word' id='word_1_213' title='bbox 1161 1908 1408 1958; x_wconf 86' lang='lat' dir='ltr'><strong>incedendi,</strong></span> <span class='ocrx_word' id='word_1_214' title='bbox 1454 1908 1563 1960; x_wconf 91' lang='lat' dir='ltr'><strong>quod</strong></span> <span class='ocrx_word' id='word_1_215' title='bbox 1597 1908 1872 1949; x_wconf 84' lang='lat' dir='ltr'><strong>Tertullianus</strong></span> <span class='ocrx_word' id='word_1_216' title='bbox 1901 1914 2013 1950; x_wconf 87' lang='lat' dir='ltr'><strong>certe</strong></span> 
     </span>
     <span class='ocr_line' id='line_1_24' title="bbox 98 1986 2012 2042; baseline 0.002 -18"><span class='ocrx_word' id='word_1_217' title='bbox 98 1986 207 2025; x_wconf 85' lang='lat' dir='ltr'><strong>haud</strong></span> <span class='ocrx_word' id='word_1_218' title='bbox 244 1988 395 2038; x_wconf 84' lang='lat' dir='ltr'><strong>primus</strong></span> <span class='ocrx_word' id='word_1_219' title='bbox 425 1989 507 2028; x_wconf 83' lang='lat' dir='ltr'><strong>fuit</strong></span> <span class='ocrx_word' id='word_1_220' title='bbox 539 1990 609 2041; x_wconf 88' lang='lat' dir='ltr'><strong>qui</strong></span> <span class='ocrx_word' id='word_1_221' title='bbox 642 1989 839 2042; x_wconf 78' lang='lat' dir='ltr'><strong>gesserit,</strong></span> <span class='ocrx_word' id='word_1_222' title='bbox 892 1989 991 2027; x_wconf 90' lang='lat' dir='ltr'><strong>licet</strong></span> <span class='ocrx_word' id='word_1_223' title='bbox 1029 1988 1192 2040; x_wconf 85' lang='lat' dir='ltr'><strong>probari</strong></span> <span class='ocrx_word' id='word_1_224' title='bbox 1233 1988 1299 2026; x_wconf 80' lang='lat' dir='ltr'><strong>vix</strong></span> <span class='ocrx_word' id='word_1_225' title='bbox 1336 1988 1464 2040; x_wconf 88' lang='lat' dir='ltr'><strong>possit</strong></span> <span class='ocrx_word' id='word_1_226' title='bbox 1486 2017 1496 2036; x_wconf 95' lang='lat'><strong>,</strong></span> <span class='ocrx_word' id='word_1_227' title='bbox 1547 2001 1666 2036; x_wconf 89' lang='lat' dir='ltr'><strong>eum,</strong></span> <span class='ocrx_word' id='word_1_228' title='bbox 1711 1991 1924 2040; x_wconf 86' lang='lat' dir='ltr'><strong>postquam</strong></span> <span class='ocrx_word' id='word_1_229' title='bbox 1963 1989 2012 2028; x_wconf 89' lang='lat' dir='ltr'><strong>ad</strong></span> 
     </span>
    </p>
   </div>
   <div class='ocr_carea' id='block_1_3' title="bbox 100 2064 2013 2120">
    <p class='ocr_par' dir='ltr' id='par_1_4' title="bbox 100 2064 2013 2120">
     <span class='ocr_line' id='line_1_25' title="bbox 100 2064 2013 2120; baseline 0.003 -18"><span class='ocrx_word' id='word_1_230' title='bbox 100 2064 306 2103; x_wconf 82' lang='lat' dir='ltr'><strong>Christum</strong></span> <span class='ocrx_word' id='word_1_231' title='bbox 339 2079 430 2105; x_wconf 87' lang='lat' dir='ltr'><strong>sese</strong></span> <span class='ocrx_word' id='word_1_232' title='bbox 460 2070 727 2117; x_wconf 83' lang='lat' dir='ltr'><strong>converterit,</strong></span> <span class='ocrx_word' id='word_1_233' title='bbox 766 2069 829 2107; x_wconf 75' lang='lat' dir='ltr'><strong>vel</strong></span> <span class='ocrx_word' id='word_1_234' title='bbox 859 2067 1075 2120; x_wconf 82' lang='lat' dir='ltr'><strong>presbyter</strong></span> <span class='ocrx_word' id='word_1_235' title='bbox 1106 2067 1234 2106; x_wconf 87' lang='lat' dir='ltr'><strong>fuerit</strong></span> <span class='ocrx_word' id='word_1_236' title='bbox 1264 2066 1492 2115; x_wconf 86' lang='lat' dir='ltr'><strong>ordinatus,</strong></span> <span class='ocrx_word' id='word_1_237' title='bbox 1531 2066 1662 2106; x_wconf 87' lang='lat' dir='ltr'><strong>hocce</strong></span> <span class='ocrx_word' id='word_1_238' title='bbox 1687 2068 1935 2117; x_wconf 85' lang='lat' dir='ltr'><strong>assumsisse,</strong></span> <span class='ocrx_word' id='word_1_239' title='bbox 1971 2073 2013 2107; x_wconf 86' lang='lat' dir='ltr'><strong>et</strong></span> 
     </span>
    </p>
   </div>
   <div class='ocr_carea' id='block_1_4' title="bbox 123 2250 2010 2564">
    <p class='ocr_par' dir='ltr' id='par_1_5' title="bbox 123 2250 2010 2564">
     <span class='ocr_line' id='line_1_26' title="bbox 123 2250 2008 2298; baseline 0.002 -14"><span class='ocrx_word' id='word_1_240' title='bbox 123 2250 156 2279; x_wconf 84' lang='lat'><strong>21</strong></span> <span class='ocrx_word' id='word_1_241' title='bbox 183 2250 324 2284; x_wconf 89' lang='lat' dir='ltr'><strong>Florid.</strong></span> <span class='ocrx_word' id='word_1_242' title='bbox 346 2263 382 2295; x_wconf 73' lang='grc' dir='ltr'><strong>Ρ.</strong></span> <span class='ocrx_word' id='word_1_243' title='bbox 399 2251 480 2286; x_wconf 80' lang='grc'><strong>356.</strong></span> <span class='ocrx_word' id='word_1_244' title='bbox 510 2256 557 2288; x_wconf 28' lang='grc' dir='ltr'><strong>εί.</strong></span> <span class='ocrx_word' id='word_1_245' title='bbox 572 2252 652 2287; x_wconf 82' lang='lat'><strong>361.</strong></span> <span class='ocrx_word' id='word_1_246' title='bbox 684 2253 916 2298; x_wconf 79' lang='lat' dir='ltr'><strong>Carthagine</strong></span> <span class='ocrx_word' id='word_1_247' title='bbox 938 2264 1030 2297; x_wconf 88' lang='lat' dir='ltr'><strong>qno-</strong></span> <span class='ocrx_word' id='word_1_248' title='bbox 1101 2253 1138 2282; x_wconf 78' lang='lat'><strong>23</strong></span> <span class='ocrx_word' id='word_1_249' title='bbox 1161 2253 1219 2287; x_wconf 85' lang='lat' dir='ltr'><strong>Ad</strong></span> <span class='ocrx_word' id='word_1_250' title='bbox 1239 2264 1397 2287; x_wconf 84' lang='lat' dir='ltr'><strong>uxorem</strong></span> <span class='ocrx_word' id='word_1_251' title='bbox 1416 2253 1466 2288; x_wconf 88' lang='grc' dir='ltr'><strong>ΙΙ.</strong></span> <span class='ocrx_word' id='word_1_252' title='bbox 1489 2255 1528 2297; x_wconf 65' lang='lat'><strong>4,</strong></span> <span class='ocrx_word' id='word_1_253' title='bbox 1547 2254 1653 2298; x_wconf 86' lang='lat' dir='ltr'><strong>Apol.</strong></span> <span class='ocrx_word' id='word_1_254' title='bbox 1677 2266 1708 2288; x_wconf 92' lang='lat' dir='ltr'><strong>c.</strong></span> <span class='ocrx_word' id='word_1_255' title='bbox 1728 2254 1762 2289; x_wconf 86' lang='lat'><strong>2.</strong></span> <span class='ocrx_word' id='word_1_256' title='bbox 1781 2255 1814 2288; x_wconf 89' lang='grc'><strong>4.</strong></span> <span class='ocrx_word' id='word_1_257' title='bbox 1837 2252 1872 2287; x_wconf 81' lang='grc'><strong>’7.</strong></span> <span class='ocrx_word' id='word_1_258' title='bbox 1896 2252 1930 2288; x_wconf 88' lang='grc'><strong>8.</strong></span> <span class='ocrx_word' id='word_1_259' title='bbox 1952 2252 2008 2289; x_wconf 86' lang='grc'><strong>39.</strong></span> 
     </span>
     <span class='ocr_line' id='line_1_27' title="bbox 195 2321 1538 2365; baseline 0.003 -12"><span class='ocrx_word' id='word_1_260' title='bbox 195 2332 267 2365; x_wconf 87' lang='lat' dir='ltr'><strong>que</strong></span> <span class='ocrx_word' id='word_1_261' title='bbox 294 2332 484 2354; x_wconf 90' lang='lat' dir='ltr'><strong>summum</strong></span> <span class='ocrx_word' id='word_1_262' title='bbox 509 2322 693 2356; x_wconf 85' lang='lat' dir='ltr'><strong>honorem</strong></span> <span class='ocrx_word' id='word_1_263' title='bbox 713 2321 1031 2364; x_wconf 75' lang='lat' dir='ltr'><strong>(Duum-iratum</strong></span> <span class='ocrx_word' id='word_1_264' title='bbox 1171 2323 1220 2357; x_wconf 83' lang='lat' dir='ltr'><strong>ad</strong></span> <span class='ocrx_word' id='word_1_265' title='bbox 1242 2322 1418 2357; x_wconf 71' lang='lat' dir='ltr'><strong>Nationes</strong></span> <span class='ocrx_word' id='word_1_266' title='bbox 1452 2335 1483 2358; x_wconf 83' lang='lat' dir='ltr'><strong>c.</strong></span> <span class='ocrx_word' id='word_1_267' title='bbox 1504 2323 1538 2357; x_wconf 83' lang='lat'><strong>7.</strong></span> 
     </span>
     <span class='ocr_line' id='line_1_28' title="bbox 193 2389 1028 2437; baseline 0.002 -13"><span class='ocrx_word' id='word_1_268' title='bbox 193 2401 229 2424; x_wconf 73' lang='lat' dir='ltr'><strong>v.</strong></span> <span class='ocrx_word' id='word_1_269' title='bbox 257 2389 448 2423; x_wconf 83' lang='lat' dir='ltr'><strong>Suffetum</strong></span> <span class='ocrx_word' id='word_1_270' title='bbox 479 2389 722 2437; x_wconf 81' lang='lat' dir='ltr'><strong>dignitatem)</strong></span> <span class='ocrx_word' id='word_1_271' title='bbox 761 2393 919 2437; x_wconf 85' lang='lat' dir='ltr'><strong>adeptus</strong></span> <span class='ocrx_word' id='word_1_272' title='bbox 962 2394 1028 2426; x_wconf 80' lang='lat' dir='ltr'><strong>est.</strong></span> 
     </span>
     <span class='ocr_line' id='line_1_29' title="bbox 194 2455 2010 2504; baseline -0.002 -11"><span class='ocrx_word' id='word_1_273' title='bbox 194 2459 287 2494; x_wconf 85' lang='lat' dir='ltr'><strong>ibid.</strong></span> <span class='ocrx_word' id='word_1_274' title='bbox 319 2472 353 2504; x_wconf 88' lang='lat' dir='ltr'><strong>p.</strong></span> <span class='ocrx_word' id='word_1_275' title='bbox 375 2456 456 2493; x_wconf 80' lang='lat'><strong>356.</strong></span> <span class='ocrx_word' id='word_1_276' title='bbox 1056 2484 1062 2489; x_wconf 40' lang='lat'>2</span> <span class='ocrx_word' id='word_1_277' title='bbox 1102 2455 1140 2483; x_wconf 75' lang='lat'><strong>24</strong></span> <span class='ocrx_word' id='word_1_278' title='bbox 1162 2456 1334 2489; x_wconf 82' lang='lat' dir='ltr'><strong>Eundem</strong></span> <span class='ocrx_word' id='word_1_279' title='bbox 1372 2456 1475 2490; x_wconf 82' lang='lat' dir='ltr'><strong>hunc</strong></span> <span class='ocrx_word' id='word_1_280' title='bbox 1516 2455 1697 2490; x_wconf 70' lang='lat' dir='ltr'><strong>vestitura</strong></span> <span class='ocrx_word' id='word_1_281' title='bbox 1751 2455 1871 2490; x_wconf 81' lang='lat' dir='ltr'><strong>fuisse</strong></span> <span class='ocrx_word' id='word_1_282' title='bbox 1903 2456 2010 2491; x_wconf 84' lang='lat' dir='ltr'><strong>docet</strong></span> 
     </span>
     <span class='ocr_line' id='line_1_30' title="bbox 1173 2509 2008 2564; baseline 0 -6"><span class='ocrx_word' id='word_1_283' title='bbox 1173 2509 1435 2559; x_wconf 80' lang='lat' dir='ltr'><strong>Artemidorus</strong></span> <span class='ocrx_word' id='word_1_284' title='bbox 1490 2525 1715 2564; x_wconf 88' lang='lat' dir='ltr'><strong>Oneirocrit.</strong></span> <span class='ocrx_word' id='word_1_285' title='bbox 1771 2525 1835 2560; x_wconf 85' lang='lat' dir='ltr'><strong>IV.</strong></span> <span class='ocrx_word' id='word_1_286' title='bbox 1884 2536 1915 2560; x_wconf 84' lang='lat' dir='ltr'><strong>c.</strong></span> <span class='ocrx_word' id='word_1_287' title='bbox 1952 2524 2008 2559; x_wconf 86' lang='lat'><strong>13.</strong></span> 
     </span>
    </p>
   </div>
   <div class='ocr_carea' id='block_1_5' title="bbox 125 2565 1514 2640">
    <p class='ocr_par' dir='ltr' id='par_1_6' title="bbox 125 2565 1514 2640">
     <span class='ocr_line' id='line_1_31' title="bbox 125 2565 1514 2640; baseline 0.005 -40"><span class='ocrx_word' id='word_1_288' title='bbox 125 2567 162 2596; x_wconf 79' lang='lat'><strong>22</strong></span> <span class='ocrx_word' id='word_1_289' title='bbox 185 2566 295 2612; x_wconf 84' lang='lat' dir='ltr'><strong>Apud</strong></span> <span class='ocrx_word' id='word_1_290' title='bbox 320 2566 590 2601; x_wconf 75' lang='lat' dir='ltr'><strong>Jablonskium</strong></span> <span class='ocrx_word' id='word_1_291' title='bbox 609 2565 830 2612; x_wconf 79' lang='lat' dir='ltr'><strong>Opusculor.</strong></span> <span class='ocrx_word' id='word_1_292' title='bbox 845 2570 954 2605; x_wconf 87' lang='lat' dir='ltr'><strong>Tom.</strong></span> <span class='ocrx_word' id='word_1_293' title='bbox 967 2571 1030 2606; x_wconf 88' lang='lat' dir='ltr'><strong>IV.</strong></span> <span class='ocrx_word' id='word_1_294' title='bbox 1171 2595 1354 2629; x_wconf 48' lang='lat' dir='ltr'>Neander·</span> <span class='ocrx_word' id='word_1_295' title='bbox 1380 2607 1415 2640; x_wconf 44' lang='lat' dir='ltr'><strong>P·</strong></span> <span class='ocrx_word' id='word_1_296' title='bbox 1435 2594 1514 2629; x_wconf 40' lang='lat'><strong>310·</strong></span> 
     </span>
    </p>
   </div>
   <div class='ocr_carea' id='block_1_6' title="bbox 194 2635 309 2682">
    <p class='ocr_par' dir='ltr' id='par_1_7' title="bbox 194 2635 309 2682">
     <span class='ocr_line' id='line_1_32' title="bbox 194 2635 309 2682; baseline -0.009 -11"><span class='ocrx_word' id='word_1_297' title='bbox 194 2649 230 2682; x_wconf 82' lang='lat' dir='ltr'><strong>p.</strong></span> <span class='ocrx_word' id='word_1_298' title='bbox 254 2635 309 2671; x_wconf 88' lang='grc'><strong>46.</strong></span> 
     </span>
    </p>
   </div>
   <div class='ocr_carea' id='block_1_7' title="bbox 264 2777 1748 2822">
    <p class='ocr_par' dir='ltr' id='par_1_8' title="bbox 264 2777 1748 2822">
     <span class='ocr_line' id='line_1_33' title="bbox 264 2777 1748 2822; baseline -0.003 -7"><span class='ocrx_word' id='word_1_299' title='bbox 264 2777 428 2815; x_wconf 69' lang='grc' dir='ltr'><em>Μιῖηίενὶ</em></span> <span class='ocrx_word' id='word_1_300' title='bbox 452 2777 655 2811; x_wconf 78' lang='lat' dir='ltr'><strong>Primordia</strong></span> <span class='ocrx_word' id='word_1_301' title='bbox 686 2778 850 2812; x_wconf 67' lang='lat' dir='ltr'><strong>Ecclesiae</strong></span> <span class='ocrx_word' id='word_1_302' title='bbox 875 2779 1069 2822; x_wconf 78' lang='lat' dir='ltr'><strong>Africanae.</strong></span> <span class='ocrx_word' id='word_1_303' title='bbox 1702 2782 1748 2816; x_wconf 79' lang='lat'><strong>22</strong></span> 
     </span>
    </p>
   </div>
  </div>
 </body>
</html>
