<?xml version="1.0" encoding="UTF-8"?>
<!DOCTYPE html PUBLIC "-//W3C//DTD XHTML 1.0 Transitional//EN"
    "http://www.w3.org/TR/xhtml1/DTD/xhtml1-transitional.dtd">
<html xmlns="http://www.w3.org/1999/xhtml" xml:lang="en" lang="en">
 <head>
  <title>
</title>
<meta http-equiv="Content-Type" content="text/html;charset=utf-8" />
  <meta name='ocr-system' content='tesseract 3.04.00' />
  <meta name='ocr-capabilities' content='ocr_page ocr_carea ocr_par ocr_line ocrx_word'/>
</head>
<body>
  <div class='ocr_page' id='page_1' title='image "./fredericimnter00mn_0093.png"; bbox 0 0 2341 3340; ppageno 0'>
   <div class='ocr_carea' id='block_1_1' title="bbox 1013 140 1074 185">
    <p class='ocr_par' dir='ltr' id='par_1_1' title="bbox 1013 140 1074 185">
     <span class='ocr_line' id='line_1_1' title="bbox 1013 140 1074 185; baseline 0 0"><span class='ocrx_word' id='word_1_1' title='bbox 1013 140 1074 185; x_wconf 78' lang='lat'><strong>81</strong></span> 
     </span>
    </p>
   </div>
   <div class='ocr_carea' id='block_1_2' title="bbox 51 276 2005 2061">
    <p class='ocr_par' dir='ltr' id='par_1_2' title="bbox 51 276 1998 962">
     <span class='ocr_line' id='line_1_2' title="bbox 97 276 1998 341; baseline 0.001 -21"><span class='ocrx_word' id='word_1_2' title='bbox 97 280 303 321; x_wconf 79' lang='lat' dir='ltr'><strong>interdum</strong></span> <span class='ocrx_word' id='word_1_3' title='bbox 327 281 369 341; x_wconf 81' lang='lat' dir='ltr'><strong>in</strong></span> <span class='ocrx_word' id='word_1_4' title='bbox 399 278 664 328; x_wconf 78' lang='lat' dir='ltr'><strong>Tertulliano,</strong></span> <span class='ocrx_word' id='word_1_5' title='bbox 691 281 737 319; x_wconf 88' lang='lat' dir='ltr'><strong>ut</strong></span> <span class='ocrx_word' id='word_1_6' title='bbox 766 277 810 322; x_wconf 87' lang='lat' dir='ltr'><strong>in</strong></span> <span class='ocrx_word' id='word_1_7' title='bbox 838 277 1007 319; x_wconf 86' lang='lat' dir='ltr'><strong>aliorum</strong></span> <span class='ocrx_word' id='word_1_8' title='bbox 1037 289 1199 330; x_wconf 85' lang='lat' dir='ltr'><strong>quoque</strong></span> <span class='ocrx_word' id='word_1_9' title='bbox 1231 276 1398 319; x_wconf 86' lang='lat' dir='ltr'><strong>Patrum</strong></span> <span class='ocrx_word' id='word_1_10' title='bbox 1429 281 1602 332; x_wconf 71' lang='lat' dir='ltr'><strong>scriptis,</strong></span> <span class='ocrx_word' id='word_1_11' title='bbox 1632 286 1848 324; x_wconf 82' lang='lat' dir='ltr'><strong>occurrunt</strong></span> <span class='ocrx_word' id='word_1_12' title='bbox 1877 283 1998 323; x_wconf 81' lang='lat' dir='ltr'><strong>citata</strong></span> 
     </span>
     <span class='ocr_line' id='line_1_3' title="bbox 97 357 1996 412; baseline 0.001 -14"><span class='ocrx_word' id='word_1_13' title='bbox 97 361 209 412; x_wconf 79' lang='lat' dir='ltr'><strong>quasi</strong></span> <span class='ocrx_word' id='word_1_14' title='bbox 239 361 282 400; x_wconf 89' lang='lat' dir='ltr'><strong>in</strong></span> <span class='ocrx_word' id='word_1_15' title='bbox 312 359 433 400; x_wconf 82' lang='lat' dir='ltr'><strong>Sacra</strong></span> <span class='ocrx_word' id='word_1_16' title='bbox 452 358 656 410; x_wconf 83' lang='lat' dir='ltr'>Scriptura</span> <span class='ocrx_word' id='word_1_17' title='bbox 684 360 857 406; x_wconf 83' lang='lat' dir='ltr'><strong>exstent,</strong></span> <span class='ocrx_word' id='word_1_18' title='bbox 887 369 977 409; x_wconf 86' lang='lat' dir='ltr'><strong>quae</strong></span> <span class='ocrx_word' id='word_1_19' title='bbox 1006 360 1141 398; x_wconf 88' lang='lat' dir='ltr'><strong>tamen</strong></span> <span class='ocrx_word' id='word_1_20' title='bbox 1172 357 1283 396; x_wconf 88' lang='lat' dir='ltr'><strong>nullo</strong></span> <span class='ocrx_word' id='word_1_21' title='bbox 1313 357 1403 397; x_wconf 87' lang='lat' dir='ltr'><strong>loco</strong></span> <span class='ocrx_word' id='word_1_22' title='bbox 1434 361 1584 398; x_wconf 80' lang='lat' dir='ltr'><strong>extant.</strong></span> <span class='ocrx_word' id='word_1_23' title='bbox 1639 361 1881 402; x_wconf 89' lang='lat' dir='ltr'><strong>Memoriter</strong></span> <span class='ocrx_word' id='word_1_24' title='bbox 1906 359 1996 401; x_wconf 87' lang='lat' dir='ltr'><strong>haec</strong></span> 
     </span>
     <span class='ocr_line' id='line_1_4' title="bbox 51 434 1994 492; baseline 0.001 -13"><span class='ocrx_word' id='word_1_25' title='bbox 51 435 54 439; x_wconf 37' lang='lat'>¹</span> <span class='ocrx_word' id='word_1_26' title='bbox 95 443 190 479; x_wconf 77' lang='lat' dir='ltr'><strong>sunt</strong></span> <span class='ocrx_word' id='word_1_27' title='bbox 221 439 403 492; x_wconf 81' lang='lat' dir='ltr'><strong>allegata.</strong></span> <span class='ocrx_word' id='word_1_28' title='bbox 467 436 543 475; x_wconf 69' lang='lat' dir='ltr'><strong>Sic·</strong></span> <span class='ocrx_word' id='word_1_29' title='bbox 569 435 755 475; x_wconf 90' lang='lat' dir='ltr'><strong>laudatur</strong></span> <span class='ocrx_word' id='word_1_30' title='bbox 791 436 940 475; x_wconf 80' lang='lat' dir='ltr'><strong>Matth.</strong></span> <span class='ocrx_word' id='word_1_31' title='bbox 971 434 1062 475; x_wconf 86' lang='lat' dir='ltr'><strong>XII.</strong></span> <span class='ocrx_word' id='word_1_32' title='bbox 1089 434 1157 474; x_wconf 71' lang='lat'><strong>3⁵7.</strong></span> <span class='ocrx_word' id='word_1_33' title='bbox 1192 447 1285 474; x_wconf 89' lang='lat' dir='ltr'><strong>cum</strong></span> <span class='ocrx_word' id='word_1_34' title='bbox 1314 435 1620 476; x_wconf 87' lang='lat' dir='ltr'><strong>additamento:</strong></span> <span class='ocrx_word' id='word_1_35' title='bbox 1664 452 1758 480; x_wconf 82' lang='lat' dir='ltr'><strong>ecce</strong></span> <span class='ocrx_word' id='word_1_36' title='bbox 1793 441 1913 481; x_wconf 76' lang='lat' dir='ltr'><strong>homo</strong></span> <span class='ocrx_word' id='word_1_37' title='bbox 1949 446 1994 480; x_wconf 82' lang='lat' dir='ltr'><strong>et</strong></span> 
     </span>
     <span class='ocr_line' id='line_1_5' title="bbox 83 512 1995 571; baseline -0.001 -13"><span class='ocrx_word' id='word_1_38' title='bbox 83 518 217 570; x_wconf 76' lang='lat' dir='ltr'><strong>facta</strong></span> <span class='ocrx_word' id='word_1_39' title='bbox 249 518 363 571; x_wconf 78' lang='lat' dir='ltr'><strong>ejus,</strong></span> <span class='ocrx_word' id='word_1_40' title='bbox 401 514 510 566; x_wconf 78' lang='lat' dir='ltr'><strong>quod</strong></span> <span class='ocrx_word' id='word_1_41' title='bbox 533 514 598 554; x_wconf 51' lang='lat' dir='ltr'><strong>&gt;in</strong></span> <span class='ocrx_word' id='word_1_42' title='bbox 639 514 794 556; x_wconf 81' lang='lat' dir='ltr'><strong>Graecis</strong></span> <span class='ocrx_word' id='word_1_43' title='bbox 836 514 947 554; x_wconf 87' lang='lat' dir='ltr'><strong>haud</strong></span> <span class='ocrx_word' id='word_1_44' title='bbox 991 514 1195 566; x_wconf 85' lang='lat' dir='ltr'><strong>reperitur</strong></span> <span class='ocrx_word' id='word_1_45' title='bbox 1228 512 1315 569; x_wconf 81' lang='lat' dir='ltr'><strong>(de</strong></span> <span class='ocrx_word' id='word_1_46' title='bbox 1356 513 1495 553; x_wconf 86' lang='lat' dir='ltr'><strong>idolol.</strong></span> <span class='ocrx_word' id='word_1_47' title='bbox 1524 528 1560 554; x_wconf 88' lang='lat' dir='ltr'><strong>c.</strong></span> <span class='ocrx_word' id='word_1_48' title='bbox 1583 512 1688 568; x_wconf 54' lang='lat'><strong>211).</strong></span> <span class='ocrx_word' id='word_1_49' title='bbox 1758 516 1844 556; x_wconf 87' lang='lat' dir='ltr'><strong>Ter</strong></span> <span class='ocrx_word' id='word_1_50' title='bbox 1874 517 1995 558; x_wconf 73' lang='lat' dir='ltr'><strong>verba</strong></span> 
     </span>
     <span class='ocr_line' id='line_1_6' title="bbox 98 591 1995 648; baseline 0 -14"><span class='ocrx_word' id='word_1_51' title='bbox 98 595 311 648; x_wconf 78' lang='lat' dir='ltr'><strong>leguntur:</strong></span> <span class='ocrx_word' id='word_1_52' title='bbox 366 595 581 633; x_wconf 78' lang='lat' dir='ltr'><em>Dominus</em></span> <span class='ocrx_word' id='word_1_53' title='bbox 614 596 820 647; x_wconf 75' lang='lat' dir='ltr'><strong>regnavit</strong></span> <span class='ocrx_word' id='word_1_54' title='bbox 857 607 884 634; x_wconf 85' lang='lat' dir='ltr'><strong>a</strong></span> <span class='ocrx_word' id='word_1_55' title='bbox 915 595 1061 647; x_wconf 75' lang='lat' dir='ltr'><strong>ligno,</strong></span> <span class='ocrx_word' id='word_1_56' title='bbox 1106 593 1150 631; x_wconf 89' lang='lat' dir='ltr'><strong>in</strong></span> <span class='ocrx_word' id='word_1_57' title='bbox 1178 604 1213 631; x_wconf 85' lang='lat' dir='ltr'><strong>v.</strong></span> <span class='ocrx_word' id='word_1_58' title='bbox 1238 592 1305 632; x_wconf 82' lang='lat' dir='ltr'><strong>lo.</strong></span> <span class='ocrx_word' id='word_1_59' title='bbox 1337 591 1402 631; x_wconf 89' lang='lat' dir='ltr'><strong>Ps.</strong></span> <span class='ocrx_word' id='word_1_60' title='bbox 1430 591 1573 633; x_wconf 82' lang='lat' dir='ltr'>XCVI.</span> <span class='ocrx_word' id='word_1_61' title='bbox 1608 595 1718 634; x_wconf 90' lang='lat' dir='ltr'><strong>haud</strong></span> <span class='ocrx_word' id='word_1_62' title='bbox 1751 594 1995 648; x_wconf 82' lang='lat' dir='ltr'><strong>reperiunda</strong></span> 
     </span>
     <span class='ocr_line' id='line_1_7' title="bbox 97 666 1995 726; baseline 0.002 -15"><span class='ocrx_word' id='word_1_63' title='bbox 97 670 313 726; x_wconf 86' lang='lat' dir='ltr'><strong>(adv.Jud.</strong></span> <span class='ocrx_word' id='word_1_64' title='bbox 342 684 377 710; x_wconf 90' lang='grc'><strong>6.</strong></span> <span class='ocrx_word' id='word_1_65' title='bbox 401 672 466 712; x_wconf 83' lang='grc'>10.</span> <span class='ocrx_word' id='word_1_66' title='bbox 496 671 562 710; x_wconf 84' lang='grc'>13.</span> <span class='ocrx_word' id='word_1_67' title='bbox 594 671 681 711; x_wconf 83' lang='lat' dir='ltr'><strong>adv.</strong></span> <span class='ocrx_word' id='word_1_68' title='bbox 713 671 966 712; x_wconf 80' lang='lat' dir='ltr'><strong>Marcionem</strong></span> <span class='ocrx_word' id='word_1_69' title='bbox 997 670 1067 710; x_wconf 83' lang='lat'><strong>111.</strong></span> <span class='ocrx_word' id='word_1_70' title='bbox 1100 683 1135 710; x_wconf 90' lang='grc'><strong>6.</strong></span> <span class='ocrx_word' id='word_1_71' title='bbox 1165 666 1252 724; x_wconf 78' lang='grc'>19.)</span> <span class='ocrx_word' id='word_1_72' title='bbox 1284 683 1374 722; x_wconf 84' lang='lat' dir='ltr'><strong>quae</strong></span> <span class='ocrx_word' id='word_1_73' title='bbox 1400 671 1582 711; x_wconf 81' lang='lat' dir='ltr'><strong>Justinus</strong></span> <span class='ocrx_word' id='word_1_74' title='bbox 1609 671 1767 724; x_wconf 83' lang='lat' dir='ltr'><strong>Martyr</strong></span> <span class='ocrx_word' id='word_1_75' title='bbox 1787 674 1875 725; x_wconf 88' lang='lat' dir='ltr'><strong>jam</strong></span> <span class='ocrx_word' id='word_1_76' title='bbox 1902 677 1995 714; x_wconf 83' lang='lat' dir='ltr'><strong>ante</strong></span> 
     </span>
     <span class='ocr_line' id='line_1_8' title="bbox 98 748 1996 803; baseline 0.002 -15"><span class='ocrx_word' id='word_1_77' title='bbox 98 748 391 790; x_wconf 84' lang='lat' dir='ltr'><strong>Tertullianum</strong></span> <span class='ocrx_word' id='word_1_78' title='bbox 419 751 596 791; x_wconf 77' lang='lat' dir='ltr'><strong>laudavit</strong></span> <span class='ocrx_word' id='word_1_79' title='bbox 631 753 753 803; x_wconf 85' lang='lat' dir='ltr'><strong>atque</strong></span> <span class='ocrx_word' id='word_1_80' title='bbox 790 765 814 791; x_wconf 86' lang='lat' dir='ltr'><strong>a</strong></span> <span class='ocrx_word' id='word_1_81' title='bbox 846 751 1000 790; x_wconf 82' lang='lat' dir='ltr'><strong>Judaeis</strong></span> <span class='ocrx_word' id='word_1_82' title='bbox 1039 761 1151 789; x_wconf 86' lang='lat' dir='ltr'><strong>erasa</strong></span> <span class='ocrx_word' id='word_1_83' title='bbox 1191 749 1413 789; x_wconf 81' lang='lat' dir='ltr'><strong>contendit.</strong></span> <span class='ocrx_word' id='word_1_84' title='bbox 1481 749 1643 789; x_wconf 86' lang='lat' dir='ltr'><strong>Eodem</strong></span> <span class='ocrx_word' id='word_1_85' title='bbox 1682 763 1841 803; x_wconf 86' lang='lat' dir='ltr'><strong>quoque</strong></span> <span class='ocrx_word' id='word_1_86' title='bbox 1874 752 1996 791; x_wconf 80' lang='lat' dir='ltr'><strong>modo</strong></span> 
     </span>
     <span class='ocr_line' id='line_1_9' title="bbox 94 825 1996 885; baseline 0.003 -19"><span class='ocrx_word' id='word_1_87' title='bbox 94 839 118 866; x_wconf 90' lang='grc'><strong>6</strong></span> <span class='ocrx_word' id='word_1_88' title='bbox 148 827 331 868; x_wconf 86' lang='lat' dir='ltr'><strong>Levitico</strong></span> <span class='ocrx_word' id='word_1_89' title='bbox 377 831 500 870; x_wconf 87' lang='lat' dir='ltr'><strong>verba</strong></span> <span class='ocrx_word' id='word_1_90' title='bbox 541 831 688 883; x_wconf 81' lang='lat' dir='ltr'><strong>allegat</strong></span> <span class='ocrx_word' id='word_1_91' title='bbox 728 830 799 880; x_wconf 84' lang='lat' dir='ltr'><strong>(de</strong></span> <span class='ocrx_word' id='word_1_92' title='bbox 839 830 998 869; x_wconf 80' lang='lat' dir='ltr'><strong>exhort.</strong></span> <span class='ocrx_word' id='word_1_93' title='bbox 1027 829 1200 869; x_wconf 76' lang='lat' dir='ltr'><strong>castitat.</strong></span> <span class='ocrx_word' id='word_1_94' title='bbox 1238 840 1274 868; x_wconf 88' lang='lat' dir='ltr'><strong>c.</strong></span> <span class='ocrx_word' id='word_1_95' title='bbox 1298 825 1362 881; x_wconf 78' lang='lat'><strong>7.)</strong></span> <span class='ocrx_word' id='word_1_96' title='bbox 1395 829 1643 870; x_wconf 75' lang='lat' dir='ltr'><strong>sacerdotes</strong></span> <span class='ocrx_word' id='word_1_97' title='bbox 1673 831 1761 871; x_wconf 73' lang='lat' dir='ltr'><strong>mei</strong></span> <span class='ocrx_word' id='word_1_98' title='bbox 1786 844 1874 871; x_wconf 77' lang='lat' dir='ltr'><strong>non</strong></span> <span class='ocrx_word' id='word_1_99' title='bbox 1900 832 1996 885; x_wconf 81' lang='lat' dir='ltr'><strong>plus</strong></span> 
     </span>
     <span class='ocr_line' id='line_1_10' title="bbox 94 901 1079 962; baseline 0.001 -15"><span class='ocrx_word' id='word_1_100' title='bbox 94 907 279 957; x_wconf 75' lang='lat' dir='ltr'><strong>nubent,</strong></span> <span class='ocrx_word' id='word_1_101' title='bbox 327 921 417 960; x_wconf 84' lang='lat' dir='ltr'><strong>quae</strong></span> <span class='ocrx_word' id='word_1_102' title='bbox 445 921 532 961; x_wconf 85' lang='lat' dir='ltr'><strong>cap.</strong></span> <span class='ocrx_word' id='word_1_103' title='bbox 560 908 670 948; x_wconf 90' lang='lat' dir='ltr'><strong>XXI.</strong></span> <span class='ocrx_word' id='word_1_104' title='bbox 699 901 808 948; x_wconf 85' lang='lat' dir='ltr'><strong>haud</strong></span> <span class='ocrx_word' id='word_1_105' title='bbox 834 909 1079 962; x_wconf 78' lang='lat' dir='ltr'><strong>legunturw.</strong></span> 
     </span>
    </p>

    <p class='ocr_par' dir='ltr' id='par_1_3' title="bbox 93 978 2005 2061">
     <span class='ocr_line' id='line_1_11' title="bbox 269 978 1997 1040; baseline 0.001 -16"><span class='ocrx_word' id='word_1_106' title='bbox 269 978 310 1025; x_wconf 80' lang='grc'><strong>3.</strong></span> <span class='ocrx_word' id='word_1_107' title='bbox 384 986 607 1039; x_wconf 79' lang='lat' dir='ltr'><strong>Cyprianus</strong></span> <span class='ocrx_word' id='word_1_108' title='bbox 643 992 773 1027; x_wconf 79' lang='lat' dir='ltr'><strong>totum</strong></span> <span class='ocrx_word' id='word_1_109' title='bbox 815 987 944 1029; x_wconf 86' lang='lat' dir='ltr'><strong>Vetus</strong></span> <span class='ocrx_word' id='word_1_110' title='bbox 976 987 1284 1027; x_wconf 73' lang='lat' dir='ltr'><strong>Testamentum</strong></span> <span class='ocrx_word' id='word_1_111' title='bbox 1322 987 1510 1039; x_wconf 85' lang='lat' dir='ltr'><strong>recepit;</strong></span> <span class='ocrx_word' id='word_1_112' title='bbox 1561 998 1585 1025; x_wconf 89' lang='lat' dir='ltr'><strong>e</strong></span> <span class='ocrx_word' id='word_1_113' title='bbox 1617 986 1730 1026; x_wconf 72' lang='lat' dir='ltr'><strong>libris</strong></span> <span class='ocrx_word' id='word_1_114' title='bbox 1757 986 1997 1040; x_wconf 79' lang='lat' dir='ltr'><strong>apocryphis</strong></span> 
     </span>
     <span class='ocr_line' id='line_1_12' title="bbox 94 1062 1996 1127; baseline 0.001 -25"><span class='ocrx_word' id='word_1_115' title='bbox 94 1064 240 1103; x_wconf 78' lang='lat' dir='ltr'><strong>librum</strong></span> <span class='ocrx_word' id='word_1_116' title='bbox 264 1063 482 1127; x_wconf 64' lang='lat' dir='ltr'><strong>Sapientia:</strong></span> <span class='ocrx_word' id='word_1_117' title='bbox 511 1068 773 1120; x_wconf 62' lang='lat' dir='ltr'><strong>inspiratum</strong></span> <span class='ocrx_word' id='word_1_118' title='bbox 801 1067 1043 1105; x_wconf 74' lang='lat' dir='ltr'><strong>existimavit</strong></span> <span class='ocrx_word' id='word_1_119' title='bbox 1071 1064 1250 1120; x_wconf 76' lang='lat' dir='ltr'><strong>(exhort.</strong></span> <span class='ocrx_word' id='word_1_120' title='bbox 1273 1069 1435 1118; x_wconf 73' lang='lat' dir='ltr'><strong>martyr.</strong></span> <span class='ocrx_word' id='word_1_121' title='bbox 1457 1079 1496 1117; x_wconf 88' lang='lat' dir='ltr'><strong>p.</strong></span> <span class='ocrx_word' id='word_1_122' title='bbox 1509 1062 1640 1117; x_wconf 65' lang='lat'><strong>182).</strong></span> <span class='ocrx_word' id='word_1_123' title='bbox 1686 1065 1830 1104; x_wconf 76' lang='lat' dir='ltr'><strong>Tobiae</strong></span> <span class='ocrx_word' id='word_1_124' title='bbox 1851 1065 1996 1104; x_wconf 78' lang='lat' dir='ltr'><strong>librum</strong></span> 
     </span>
     <span class='ocr_line' id='line_1_13' title="bbox 94 1142 1997 1198; baseline -0.001 -15"><span class='ocrx_word' id='word_1_125' title='bbox 94 1142 372 1198; x_wconf 77' lang='lat' dir='ltr'><strong>Scripturam</strong></span> <span class='ocrx_word' id='word_1_126' title='bbox 403 1146 595 1185; x_wconf 74' lang='lat' dir='ltr'><strong>divinam</strong></span> <span class='ocrx_word' id='word_1_127' title='bbox 624 1146 794 1194; x_wconf 81' lang='lat' dir='ltr'><strong>vocavit,</strong></span> <span class='ocrx_word' id='word_1_128' title='bbox 827 1144 898 1195; x_wconf 85' lang='lat' dir='ltr'><strong>(de</strong></span> <span class='ocrx_word' id='word_1_129' title='bbox 931 1146 1115 1186; x_wconf 86' lang='lat' dir='ltr'><strong>oratione</strong></span> <span class='ocrx_word' id='word_1_130' title='bbox 1144 1145 1364 1194; x_wconf 84' lang='lat' dir='ltr'><strong>dominica)</strong></span> <span class='ocrx_word' id='word_1_131' title='bbox 1391 1157 1432 1196; x_wconf 88' lang='lat' dir='ltr'><strong>p.</strong></span> <span class='ocrx_word' id='word_1_132' title='bbox 1447 1143 1540 1182; x_wconf 83' lang='lat'><strong>153.</strong></span> <span class='ocrx_word' id='word_1_133' title='bbox 1570 1143 1800 1182; x_wconf 82' lang='lat' dir='ltr'><strong>dubitanter</strong></span> <span class='ocrx_word' id='word_1_134' title='bbox 1821 1155 1918 1182; x_wconf 72' lang='lat' dir='ltr'><strong>vero</strong></span> <span class='ocrx_word' id='word_1_135' title='bbox 1947 1143 1997 1182; x_wconf 85' lang='lat' dir='ltr'><strong>de</strong></span> 
     </span>
     <span class='ocr_line' id='line_1_14' title="bbox 93 1220 1998 1277; baseline -0.001 -17"><span class='ocrx_word' id='word_1_136' title='bbox 93 1233 144 1260; x_wconf 91' lang='lat' dir='ltr'><strong>eo</strong></span> <span class='ocrx_word' id='word_1_137' title='bbox 172 1222 351 1273; x_wconf 88' lang='lat' dir='ltr'><strong>loquitur</strong></span> <span class='ocrx_word' id='word_1_138' title='bbox 382 1223 460 1262; x_wconf 88' lang='lat' dir='ltr'><strong>alio</strong></span> <span class='ocrx_word' id='word_1_139' title='bbox 491 1224 582 1263; x_wconf 90' lang='lat' dir='ltr'><strong>loco</strong></span> <span class='ocrx_word' id='word_1_140' title='bbox 613 1224 665 1264; x_wconf 89' lang='lat' dir='ltr'><strong>de</strong></span> <span class='ocrx_word' id='word_1_141' title='bbox 692 1236 757 1277; x_wconf 87' lang='lat' dir='ltr'><strong>op.</strong></span> <span class='ocrx_word' id='word_1_142' title='bbox 785 1228 828 1265; x_wconf 91' lang='lat' dir='ltr'><strong>et</strong></span> <span class='ocrx_word' id='word_1_143' title='bbox 853 1225 995 1265; x_wconf 87' lang='lat' dir='ltr'><strong>eleem.</strong></span> <span class='ocrx_word' id='word_1_144' title='bbox 1027 1238 1066 1276; x_wconf 90' lang='lat' dir='ltr'><strong>p.</strong></span> <span class='ocrx_word' id='word_1_145' title='bbox 1089 1225 1183 1263; x_wconf 82' lang='grc'>199.</span> <span class='ocrx_word' id='word_1_146' title='bbox 1241 1223 1435 1262; x_wconf 82' lang='lat' dir='ltr'><strong>Siracidae</strong></span> <span class='ocrx_word' id='word_1_147' title='bbox 1459 1222 1586 1261; x_wconf 90' lang='lat' dir='ltr'><strong>multa</strong></span> <span class='ocrx_word' id='word_1_148' title='bbox 1616 1221 1704 1260; x_wconf 89' lang='lat' dir='ltr'><strong>loca</strong></span> <span class='ocrx_word' id='word_1_149' title='bbox 1735 1222 1881 1260; x_wconf 87' lang='lat' dir='ltr'><strong>attulit.</strong></span> <span class='ocrx_word' id='word_1_150' title='bbox 1937 1220 1998 1258; x_wconf 85' lang='lat' dir='ltr'><strong>Ex</strong></span> 
     </span>
     <span class='ocr_line' id='line_1_15' title="bbox 95 1298 2000 1355; baseline -0.002 -15"><span class='ocrx_word' id='word_1_151' title='bbox 95 1301 225 1354; x_wconf 88' lang='lat' dir='ltr'><strong>eapite</strong></span> <span class='ocrx_word' id='word_1_152' title='bbox 253 1301 430 1341; x_wconf 88' lang='lat' dir='ltr'><strong>Baruchi</strong></span> <span class='ocrx_word' id='word_1_153' title='bbox 456 1301 525 1343; x_wconf 93' lang='lat' dir='ltr'><strong>VI.</strong></span> <span class='ocrx_word' id='word_1_154' title='bbox 556 1303 741 1355; x_wconf 83' lang='lat' dir='ltr'><strong>quaedam</strong></span> <span class='ocrx_word' id='word_1_155' title='bbox 773 1306 818 1342; x_wconf 90' lang='lat' dir='ltr'><strong>ut</strong></span> <span class='ocrx_word' id='word_1_156' title='bbox 854 1303 1045 1342; x_wconf 79' lang='lat' dir='ltr'><strong>Jeremiae</strong></span> <span class='ocrx_word' id='word_1_157' title='bbox 1082 1302 1189 1341; x_wconf 80' lang='lat' dir='ltr'><strong>dicta</strong></span> <span class='ocrx_word' id='word_1_158' title='bbox 1223 1300 1401 1341; x_wconf 88' lang='lat' dir='ltr'><strong>laudavit</strong></span> <span class='ocrx_word' id='word_1_159' title='bbox 1433 1298 1508 1353; x_wconf 87' lang='lat' dir='ltr'><strong>(de</strong></span> <span class='ocrx_word' id='word_1_160' title='bbox 1536 1302 1636 1338; x_wconf 88' lang='lat' dir='ltr'><strong>orat.</strong></span> <span class='ocrx_word' id='word_1_161' title='bbox 1666 1298 1815 1338; x_wconf 89' lang='lat' dir='ltr'><strong>domin.</strong></span> <span class='ocrx_word' id='word_1_162' title='bbox 1843 1311 1883 1351; x_wconf 89' lang='lat' dir='ltr'><strong>p.</strong></span> <span class='ocrx_word' id='word_1_163' title='bbox 1908 1298 2000 1338; x_wconf 80' lang='lat'><strong>141.</strong></span> 
     </span>
     <span class='ocr_line' id='line_1_16' title="bbox 94 1376 2002 1435; baseline -0.001 -16"><span class='ocrx_word' id='word_1_164' title='bbox 94 1379 182 1419; x_wconf 83' lang='lat' dir='ltr'><strong>adv.</strong></span> <span class='ocrx_word' id='word_1_165' title='bbox 218 1380 383 1421; x_wconf 82' lang='lat' dir='ltr'><strong>Judaeos</strong></span> <span class='ocrx_word' id='word_1_166' title='bbox 417 1396 458 1435; x_wconf 89' lang='lat' dir='ltr'><strong>p.</strong></span> <span class='ocrx_word' id='word_1_167' title='bbox 486 1378 576 1435; x_wconf 83' lang='lat'><strong>35.)</strong></span> <span class='ocrx_word' id='word_1_168' title='bbox 619 1382 949 1422; x_wconf 74' lang='lat' dir='ltr'><strong>Maccahaeorum</strong></span> <span class='ocrx_word' id='word_1_169' title='bbox 990 1383 1206 1432; x_wconf 87' lang='lat' dir='ltr'><strong>utrumque</strong></span> <span class='ocrx_word' id='word_1_170' title='bbox 1250 1380 1378 1433; x_wconf 72' lang='lat' dir='ltr'><strong>legit,</strong></span> <span class='ocrx_word' id='word_1_171' title='bbox 1423 1379 1589 1418; x_wconf 87' lang='lat' dir='ltr'><strong>tertium</strong></span> <span class='ocrx_word' id='word_1_172' title='bbox 1625 1376 1741 1416; x_wconf 78' lang='lat' dir='ltr'><strong>Esrae</strong></span> <span class='ocrx_word' id='word_1_173' title='bbox 1783 1377 2002 1430; x_wconf 83' lang='lat' dir='ltr'><strong>genuinum</strong></span> 
     </span>
     <span class='ocr_line' id='line_1_17' title="bbox 96 1454 2000 1517; baseline -0.002 -20"><span class='ocrx_word' id='word_1_174' title='bbox 96 1454 335 1501; x_wconf 82' lang='lat' dir='ltr'><strong>existimavit</strong></span> <span class='ocrx_word' id='word_1_175' title='bbox 372 1458 459 1517; x_wconf 90' lang='lat' dir='ltr'><strong>(ep.</strong></span> <span class='ocrx_word' id='word_1_176' title='bbox 486 1460 554 1501; x_wconf 72' lang='lat'><strong>⁵74.</strong></span> <span class='ocrx_word' id='word_1_177' title='bbox 589 1475 627 1514; x_wconf 88' lang='lat' dir='ltr'><strong>p.</strong></span> <span class='ocrx_word' id='word_1_178' title='bbox 659 1456 791 1513; x_wconf 54' lang='lat'><strong>215.)</strong></span> <span class='ocrx_word' id='word_1_179' title='bbox 860 1460 1083 1499; x_wconf 84' lang='lat' dir='ltr'><strong>Historiam</strong></span> <span class='ocrx_word' id='word_1_180' title='bbox 1117 1460 1170 1499; x_wconf 90' lang='lat' dir='ltr'><strong>de</strong></span> <span class='ocrx_word' id='word_1_181' title='bbox 1208 1459 1338 1498; x_wconf 82' lang='lat' dir='ltr'><strong>tribus</strong></span> <span class='ocrx_word' id='word_1_182' title='bbox 1376 1459 1513 1511; x_wconf 86' lang='lat' dir='ltr'><strong>pueris</strong></span> <span class='ocrx_word' id='word_1_183' title='bbox 1543 1458 1586 1497; x_wconf 90' lang='lat' dir='ltr'><strong>in</strong></span> <span class='ocrx_word' id='word_1_184' title='bbox 1617 1457 1787 1496; x_wconf 86' lang='lat' dir='ltr'><strong>fornace</strong></span> <span class='ocrx_word' id='word_1_185' title='bbox 1832 1456 2000 1496; x_wconf 76' lang='lat' dir='ltr'><strong>ardente</strong></span> 
     </span>
     <span class='ocr_line' id='line_1_18' title="bbox 93 1531 2001 1593; baseline -0.002 -17"><span class='ocrx_word' id='word_1_186' title='bbox 93 1541 138 1576; x_wconf 87' lang='lat' dir='ltr'><strong>ut</strong></span> <span class='ocrx_word' id='word_1_187' title='bbox 156 1551 294 1578; x_wconf 76' lang='lat' dir='ltr'><strong>veram</strong></span> <span class='ocrx_word' id='word_1_188' title='bbox 321 1552 372 1579; x_wconf 82' lang='lat' dir='ltr'><strong>ex</strong></span> <span class='ocrx_word' id='word_1_189' title='bbox 398 1540 480 1579; x_wconf 77' lang='lat' dir='ltr'><strong>vita</strong></span> <span class='ocrx_word' id='word_1_190' title='bbox 501 1540 679 1580; x_wconf 85' lang='lat' dir='ltr'><strong>Danielis</strong></span> <span class='ocrx_word' id='word_1_191' title='bbox 705 1540 823 1579; x_wconf 89' lang='lat' dir='ltr'><strong>affert</strong></span> <span class='ocrx_word' id='word_1_192' title='bbox 845 1539 1117 1579; x_wconf 85' lang='lat' dir='ltr'><strong>narrationem</strong></span> <span class='ocrx_word' id='word_1_193' title='bbox 1146 1536 1221 1593; x_wconf 87' lang='lat' dir='ltr'><strong>(de</strong></span> <span class='ocrx_word' id='word_1_194' title='bbox 1249 1538 1408 1577; x_wconf 82' lang='lat' dir='ltr'><strong>exhort.</strong></span> <span class='ocrx_word' id='word_1_195' title='bbox 1432 1541 1594 1589; x_wconf 80' lang='lat' dir='ltr'><strong>martyr.</strong></span> <span class='ocrx_word' id='word_1_196' title='bbox 1622 1550 1661 1588; x_wconf 87' lang='lat' dir='ltr'><strong>p.</strong></span> <span class='ocrx_word' id='word_1_197' title='bbox 1677 1531 1808 1587; x_wconf 57' lang='lat'><strong>178.)</strong></span> <span class='ocrx_word' id='word_1_198' title='bbox 1855 1534 2001 1574; x_wconf 76' lang='lat' dir='ltr'><strong>Libros</strong></span> 
     </span>
     <span class='ocr_line' id='line_1_19' title="bbox 94 1611 2002 1670; baseline -0.002 -16"><span class='ocrx_word' id='word_1_199' title='bbox 94 1615 200 1656; x_wconf 72' lang='lat' dir='ltr'><strong>Nou·</strong></span> <span class='ocrx_word' id='word_1_200' title='bbox 222 1617 474 1658; x_wconf 84' lang='lat' dir='ltr'><strong>Testamenti</strong></span> <span class='ocrx_word' id='word_1_201' title='bbox 503 1619 593 1659; x_wconf 90' lang='lat' dir='ltr'><strong>fere</strong></span> <span class='ocrx_word' id='word_1_202' title='bbox 626 1631 767 1659; x_wconf 88' lang='lat' dir='ltr'><strong>omnes</strong></span> <span class='ocrx_word' id='word_1_203' title='bbox 797 1617 973 1670; x_wconf 88' lang='lat' dir='ltr'><strong>recepit:</strong></span> <span class='ocrx_word' id='word_1_204' title='bbox 1008 1617 1294 1670; x_wconf 84' lang='lat' dir='ltr'><strong>Apocalypsin,</strong></span> <span class='ocrx_word' id='word_1_205' title='bbox 1323 1617 1421 1656; x_wconf 87' lang='lat' dir='ltr'><strong>licet</strong></span> <span class='ocrx_word' id='word_1_206' title='bbox 1452 1616 1653 1669; x_wconf 78' lang='lat' dir='ltr'><strong>expressis</strong></span> <span class='ocrx_word' id='word_1_207' title='bbox 1680 1614 1815 1654; x_wconf 85' lang='lat' dir='ltr'><strong>verbis</strong></span> <span class='ocrx_word' id='word_1_208' title='bbox 1827 1611 2002 1652; x_wconf 84' lang='lat' dir='ltr'><strong>Johanni</strong></span> 
     </span>
     <span class='ocr_line' id='line_1_20' title="bbox 95 1689 2001 1748; baseline -0.004 -13"><span class='ocrx_word' id='word_1_209' title='bbox 95 1694 292 1745; x_wconf 82' lang='lat' dir='ltr'><strong>Apostolo</strong></span> <span class='ocrx_word' id='word_1_210' title='bbox 321 1696 430 1735; x_wconf 89' lang='lat' dir='ltr'><strong>haud</strong></span> <span class='ocrx_word' id='word_1_211' title='bbox 456 1697 620 1744; x_wconf 87' lang='lat' dir='ltr'><strong>tribuat,</strong></span> <span class='ocrx_word' id='word_1_212' title='bbox 653 1697 790 1735; x_wconf 86' lang='lat' dir='ltr'><strong>multis</strong></span> <span class='ocrx_word' id='word_1_213' title='bbox 821 1695 1045 1746; x_wconf 82' lang='lat' dir='ltr'><strong>insignibus</strong></span> <span class='ocrx_word' id='word_1_214' title='bbox 1071 1695 1313 1733; x_wconf 86' lang='lat' dir='ltr'><strong>testimoniis</strong></span> <span class='ocrx_word' id='word_1_215' title='bbox 1341 1696 1496 1733; x_wconf 90' lang='lat' dir='ltr'><strong>ornavit</strong></span> <span class='ocrx_word' id='word_1_216' title='bbox 1525 1693 1601 1748; x_wconf 86' lang='lat' dir='ltr'><strong>(de</strong></span> <span class='ocrx_word' id='word_1_217' title='bbox 1628 1693 1721 1732; x_wconf 90' lang='lat' dir='ltr'><strong>hab.</strong></span> <span class='ocrx_word' id='word_1_218' title='bbox 1751 1692 1851 1742; x_wconf 69' lang='lat' dir='ltr'><strong>virg.</strong></span> <span class='ocrx_word' id='word_1_219' title='bbox 1877 1703 1917 1742; x_wconf 90' lang='lat' dir='ltr'><strong>p.</strong></span> <span class='ocrx_word' id='word_1_220' title='bbox 1934 1689 2001 1729; x_wconf 80' lang='lat'><strong>97.</strong></span> 
     </span>
     <span class='ocr_line' id='line_1_21' title="bbox 96 1768 2004 1827; baseline -0.003 -15"><span class='ocrx_word' id='word_1_221' title='bbox 96 1773 149 1812; x_wconf 87' lang='lat' dir='ltr'><strong>de</strong></span> <span class='ocrx_word' id='word_1_222' title='bbox 179 1786 246 1825; x_wconf 88' lang='lat' dir='ltr'><strong>op.</strong></span> <span class='ocrx_word' id='word_1_223' title='bbox 273 1777 315 1812; x_wconf 87' lang='lat' dir='ltr'><strong>et</strong></span> <span class='ocrx_word' id='word_1_224' title='bbox 343 1775 486 1813; x_wconf 89' lang='lat' dir='ltr'><strong>eleem.</strong></span> <span class='ocrx_word' id='word_1_225' title='bbox 513 1788 551 1825; x_wconf 91' lang='lat' dir='ltr'><strong>p.</strong></span> <span class='ocrx_word' id='word_1_226' title='bbox 579 1771 712 1827; x_wconf 67' lang='lat'><strong>202).</strong></span> <span class='ocrx_word' id='word_1_227' title='bbox 767 1774 829 1813; x_wconf 90' lang='lat' dir='ltr'><strong>De</strong></span> <span class='ocrx_word' id='word_1_228' title='bbox 857 1772 1061 1811; x_wconf 87' lang='lat' dir='ltr'><strong>nonnullis</strong></span> <span class='ocrx_word' id='word_1_229' title='bbox 1090 1784 1187 1811; x_wconf 88' lang='lat' dir='ltr'><strong>vero</strong></span> <span class='ocrx_word' id='word_1_230' title='bbox 1219 1773 1334 1812; x_wconf 86' lang='lat' dir='ltr'><strong>libris</strong></span> <span class='ocrx_word' id='word_1_231' title='bbox 1364 1774 1567 1811; x_wconf 87' lang='lat' dir='ltr'><strong>incertum</strong></span> <span class='ocrx_word' id='word_1_232' title='bbox 1600 1784 1650 1810; x_wconf 90' lang='lat' dir='ltr'><strong>an</strong></span> <span class='ocrx_word' id='word_1_233' title='bbox 1685 1781 1757 1809; x_wconf 83' lang='lat' dir='ltr'><strong>eos</strong></span> <span class='ocrx_word' id='word_1_234' title='bbox 1784 1768 2004 1821; x_wconf 79' lang='lat' dir='ltr'><strong>receperit,</strong></span> 
     </span>
     <span class='ocr_line' id='line_1_22' title="bbox 95 1847 2003 1901; baseline -0.002 -11"><span class='ocrx_word' id='word_1_235' title='bbox 95 1864 187 1890; x_wconf 90' lang='lat' dir='ltr'><strong>nam</strong></span> <span class='ocrx_word' id='word_1_236' title='bbox 215 1851 325 1890; x_wconf 91' lang='lat' dir='ltr'><strong>haud</strong></span> <span class='ocrx_word' id='word_1_237' title='bbox 354 1852 402 1890; x_wconf 87' lang='lat' dir='ltr'><strong>ab</strong></span> <span class='ocrx_word' id='word_1_238' title='bbox 436 1863 485 1889; x_wconf 90' lang='lat' dir='ltr'><strong>eo</strong></span> <span class='ocrx_word' id='word_1_239' title='bbox 515 1853 893 1889; x_wconf 88' lang='lat' dir='ltr'><strong>commemorantur.</strong></span> <span class='ocrx_word' id='word_1_240' title='bbox 948 1849 1005 1887; x_wconf 92' lang='lat' dir='ltr'><strong>Hi</strong></span> <span class='ocrx_word' id='word_1_241' title='bbox 1034 1851 1168 1887; x_wconf 89' lang='lat' dir='ltr'><strong>autem</strong></span> <span class='ocrx_word' id='word_1_242' title='bbox 1199 1853 1293 1888; x_wconf 90' lang='lat' dir='ltr'><strong>sunt</strong></span> <span class='ocrx_word' id='word_1_243' title='bbox 1320 1849 1505 1901; x_wconf 86' lang='lat' dir='ltr'><strong>Epistola</strong></span> <span class='ocrx_word' id='word_1_244' title='bbox 1532 1848 1584 1888; x_wconf 86' lang='lat' dir='ltr'><strong>ad</strong></span> <span class='ocrx_word' id='word_1_245' title='bbox 1610 1848 1914 1896; x_wconf 86' lang='lat' dir='ltr'><strong>Philemonem,</strong></span> <span class='ocrx_word' id='word_1_246' title='bbox 1951 1847 2003 1886; x_wconf 85' lang='lat' dir='ltr'><strong>de</strong></span> 
     </span>
     <span class='ocr_line' id='line_1_23' title="bbox 97 1925 2005 1980; baseline -0.003 -11"><span class='ocrx_word' id='word_1_247' title='bbox 97 1941 174 1980; x_wconf 89' lang='lat' dir='ltr'><strong>qua</strong></span> <span class='ocrx_word' id='word_1_248' title='bbox 201 1933 337 1969; x_wconf 90' lang='lat' dir='ltr'><strong>tamen</strong></span> <span class='ocrx_word' id='word_1_249' title='bbox 365 1929 522 1967; x_wconf 87' lang='lat' dir='ltr'><strong>nullum</strong></span> <span class='ocrx_word' id='word_1_250' title='bbox 550 1941 725 1980; x_wconf 81' lang='lat' dir='ltr'><strong>unquam</strong></span> <span class='ocrx_word' id='word_1_251' title='bbox 753 1929 797 1967; x_wconf 89' lang='lat' dir='ltr'><strong>in</strong></span> <span class='ocrx_word' id='word_1_252' title='bbox 826 1927 1001 1967; x_wconf 88' lang='lat' dir='ltr'><strong>ecclesia</strong></span> <span class='ocrx_word' id='word_1_253' title='bbox 1033 1927 1167 1966; x_wconf 81' lang='lat' dir='ltr'><strong>extitit</strong></span> <span class='ocrx_word' id='word_1_254' title='bbox 1189 1926 1370 1975; x_wconf 86' lang='lat' dir='ltr'><strong>dubium,</strong></span> <span class='ocrx_word' id='word_1_255' title='bbox 1395 1928 1550 1976; x_wconf 84' lang='lat' dir='ltr'><strong>Jacobi,</strong></span> <span class='ocrx_word' id='word_1_256' title='bbox 1581 1927 1714 1974; x_wconf 83' lang='lat' dir='ltr'><strong>Judae,</strong></span> <span class='ocrx_word' id='word_1_257' title='bbox 1747 1925 1785 1965; x_wconf 92' lang='lat' dir='ltr'><strong>II</strong></span> <span class='ocrx_word' id='word_1_258' title='bbox 1805 1925 1933 1973; x_wconf 87' lang='lat' dir='ltr'><strong>Petri,</strong></span> <span class='ocrx_word' id='word_1_259' title='bbox 1963 1930 2005 1965; x_wconf 89' lang='lat' dir='ltr'><strong>et</strong></span> 
     </span>
     <span class='ocr_line' id='line_1_24' title="bbox 97 2004 2004 2061; baseline -0.002 -14"><span class='ocrx_word' id='word_1_260' title='bbox 97 2008 342 2061; x_wconf 85' lang='lat' dir='ltr'><strong>posteriores</strong></span> <span class='ocrx_word' id='word_1_261' title='bbox 356 2007 565 2056; x_wconf 79' lang='lat' dir='ltr'><strong>Johannis,</strong></span> <span class='ocrx_word' id='word_1_262' title='bbox 595 2019 720 2058; x_wconf 87' lang='lat' dir='ltr'><strong>quum</strong></span> <span class='ocrx_word' id='word_1_263' title='bbox 747 2007 917 2059; x_wconf 85' lang='lat' dir='ltr'><strong>primam</strong></span> <span class='ocrx_word' id='word_1_264' title='bbox 944 2009 1132 2057; x_wconf 83' lang='lat' dir='ltr'><strong>tanquam</strong></span> <span class='ocrx_word' id='word_1_265' title='bbox 1154 2006 1315 2045; x_wconf 87' lang='lat' dir='ltr'><strong>unicam</strong></span> <span class='ocrx_word' id='word_1_266' title='bbox 1345 2005 1485 2047; x_wconf 89' lang='lat' dir='ltr'><strong>laudet</strong></span> <span class='ocrx_word' id='word_1_267' title='bbox 1513 2004 1600 2061; x_wconf 84' lang='lat' dir='ltr'><strong>(ep.</strong></span> <span class='ocrx_word' id='word_1_268' title='bbox 1615 2006 1717 2055; x_wconf 55' lang='lat'><strong>280.</strong></span> <span class='ocrx_word' id='word_1_269' title='bbox 1774 2004 2004 2044; x_wconf 84' lang='lat' dir='ltr'><strong>Secundam</strong></span> 
     </span>
    </p>
   </div>
   <div class='ocr_carea' id='block_1_3' title="bbox 123 2159 2001 2553">
    <p class='ocr_par' dir='ltr' id='par_1_4' title="bbox 123 2159 2001 2553">
     <span class='ocr_line' id='line_1_25' title="bbox 123 2159 2000 2208; baseline -0.003 -9"><span class='ocrx_word' id='word_1_270' title='bbox 123 2163 159 2190; x_wconf 83' lang='lat'><strong>1⁰</strong></span> <span class='ocrx_word' id='word_1_271' title='bbox 180 2164 350 2208; x_wconf 85' lang='lat' dir='ltr'><strong>Noesselt</strong></span> <span class='ocrx_word' id='word_1_272' title='bbox 373 2165 417 2198; x_wconf 87' lang='lat' dir='ltr'><strong>de</strong></span> <span class='ocrx_word' id='word_1_273' title='bbox 430 2174 522 2198; x_wconf 82' lang='lat' dir='ltr'><strong>vera</strong></span> <span class='ocrx_word' id='word_1_274' title='bbox 535 2166 642 2197; x_wconf 84' lang='lat' dir='ltr'><strong>aetate</strong></span> <span class='ocrx_word' id='word_1_275' title='bbox 660 2161 787 2205; x_wconf 83' lang='lat' dir='ltr'><strong>script.</strong></span> <span class='ocrx_word' id='word_1_276' title='bbox 799 2160 1030 2195; x_wconf 87' lang='lat' dir='ltr'><strong>Tertulliani</strong></span> <span class='ocrx_word' id='word_1_277' title='bbox 1116 2170 1117 2173; x_wconf 76' lang='grc'>’</span> <span class='ocrx_word' id='word_1_278' title='bbox 1169 2164 1296 2195; x_wconf 83' lang='lat' dir='ltr'><strong>tarum</strong></span> <span class='ocrx_word' id='word_1_279' title='bbox 1317 2161 1354 2194; x_wconf 79' lang='lat' dir='ltr'><strong>S.</strong></span> <span class='ocrx_word' id='word_1_280' title='bbox 1373 2160 1578 2206; x_wconf 83' lang='lat' dir='ltr'><strong>Augustini</strong></span> <span class='ocrx_word' id='word_1_281' title='bbox 1607 2160 1789 2194; x_wconf 77' lang='lat' dir='ltr'><strong>eximium</strong></span> <span class='ocrx_word' id='word_1_282' title='bbox 1811 2161 1936 2202; x_wconf 77' lang='lat' dir='ltr'><strong>decus,</strong></span> <span class='ocrx_word' id='word_1_283' title='bbox 1962 2159 2000 2193; x_wconf 89' lang='lat' dir='ltr'><strong>in</strong></span> 
     </span>
     <span class='ocr_line' id='line_1_26' title="bbox 193 2228 2001 2278; baseline -0.002 -12"><span class='ocrx_word' id='word_1_284' title='bbox 193 2233 263 2267; x_wconf 91' lang='grc' dir='ltr'><strong>ΙΙΙ.</strong></span> <span class='ocrx_word' id='word_1_285' title='bbox 288 2246 324 2278; x_wconf 88' lang='lat' dir='ltr'><strong>p.</strong></span> <span class='ocrx_word' id='word_1_286' title='bbox 348 2234 405 2268; x_wconf 84' lang='lat'><strong>15.</strong></span> <span class='ocrx_word' id='word_1_287' title='bbox 453 2232 586 2266; x_wconf 86' lang='lat' dir='ltr'><strong>Edidit</strong></span> <span class='ocrx_word' id='word_1_288' title='bbox 610 2232 709 2273; x_wconf 85' lang='lat' dir='ltr'><strong>haec,</strong></span> <span class='ocrx_word' id='word_1_289' title='bbox 735 2230 826 2264; x_wconf 88' lang='lat' dir='ltr'><strong>licet</strong></span> <span class='ocrx_word' id='word_1_290' title='bbox 858 2228 1029 2265; x_wconf 81' lang='lat' dir='ltr'><strong>fortassis</strong></span> <span class='ocrx_word' id='word_1_291' title='bbox 1169 2231 1385 2275; x_wconf 83' lang='lat' dir='ltr'><strong>fragmento</strong></span> <span class='ocrx_word' id='word_1_292' title='bbox 1396 2229 1596 2274; x_wconf 85' lang='lat' dir='ltr'><strong>Evangelii</strong></span> <span class='ocrx_word' id='word_1_293' title='bbox 1607 2229 1839 2263; x_wconf 82' lang='lat' dir='ltr'><strong>S.Johannis</strong></span> <span class='ocrx_word' id='word_1_294' title='bbox 1854 2230 2001 2263; x_wconf 85' lang='lat' dir='ltr'><strong>Graeco-</strong></span> 
     </span>
     <span class='ocr_line' id='line_1_27' title="bbox 196 2298 1999 2344; baseline -0.001 -9"><span class='ocrx_word' id='word_1_295' title='bbox 196 2302 271 2336; x_wconf 77' lang='lat' dir='ltr'><strong>alio</strong></span> <span class='ocrx_word' id='word_1_296' title='bbox 291 2302 427 2337; x_wconf 84' lang='lat' dir='ltr'><strong>habitu</strong></span> <span class='ocrx_word' id='word_1_297' title='bbox 441 2305 479 2336; x_wconf 81' lang='lat' dir='ltr'><strong>et</strong></span> <span class='ocrx_word' id='word_1_298' title='bbox 501 2302 639 2342; x_wconf 85' lang='lat' dir='ltr'><strong>forma,</strong></span> <span class='ocrx_word' id='word_1_299' title='bbox 662 2299 826 2335; x_wconf 82' lang='lat' dir='ltr'><strong>Grabius</strong></span> <span class='ocrx_word' id='word_1_300' title='bbox 847 2299 887 2333; x_wconf 86' lang='lat' dir='ltr'><strong>in</strong></span> <span class='ocrx_word' id='word_1_301' title='bbox 906 2299 1028 2343; x_wconf 87' lang='lat' dir='ltr'><strong>Spici-</strong></span> <span class='ocrx_word' id='word_1_302' title='bbox 1170 2298 1668 2343; x_wconf 81' lang='lat' dir='ltr'><strong>Copto-Tl1ebaico(Romae</strong></span> <span class='ocrx_word' id='word_1_303' title='bbox 1681 2299 1783 2333; x_wconf 81' lang='lat'><strong>1789.</strong></span> <span class='ocrx_word' id='word_1_304' title='bbox 1808 2311 1844 2343; x_wconf 87' lang='lat' dir='ltr'><strong>p.</strong></span> <span class='ocrx_word' id='word_1_305' title='bbox 1857 2299 1999 2344; x_wconf 80' lang='lat' dir='ltr'><strong>xcvn.)</strong></span> 
     </span>
     <span class='ocr_line' id='line_1_28' title="bbox 195 2352 2001 2415; baseline -0.002 -11"><span class='ocrx_word' id='word_1_306' title='bbox 195 2370 297 2415; x_wconf 86' lang='lat' dir='ltr'><strong>legio</strong></span> <span class='ocrx_word' id='word_1_307' title='bbox 325 2352 504 2413; x_wconf 73' lang='lat' dir='ltr'><strong>Petrum,</strong></span> <span class='ocrx_word' id='word_1_308' title='bbox 540 2370 651 2404; x_wconf 87' lang='lat' dir='ltr'><strong>Tom.</strong></span> <span class='ocrx_word' id='word_1_309' title='bbox 677 2371 707 2404; x_wconf 95' lang='lat' dir='ltr'><strong>I.</strong></span> <span class='ocrx_word' id='word_1_310' title='bbox 741 2369 822 2403; x_wconf 91' lang='lat' dir='ltr'><strong>Sec.</strong></span> <span class='ocrx_word' id='word_1_311' title='bbox 851 2369 880 2403; x_wconf 91' lang='lat' dir='ltr'><strong>I.</strong></span> <span class='ocrx_word' id='word_1_312' title='bbox 910 2381 945 2413; x_wconf 85' lang='lat' dir='ltr'><strong>p.</strong></span> <span class='ocrx_word' id='word_1_313' title='bbox 969 2368 1027 2404; x_wconf 89' lang='grc'><strong>95.</strong></span> <span class='ocrx_word' id='word_1_314' title='bbox 1167 2369 1259 2404; x_wconf 84' lang='lat' dir='ltr'><strong>Haec</strong></span> <span class='ocrx_word' id='word_1_315' title='bbox 1280 2369 1380 2403; x_wconf 84' lang='lat' dir='ltr'><strong>enim</strong></span> <span class='ocrx_word' id='word_1_316' title='bbox 1399 2369 1586 2402; x_wconf 86' lang='lat' dir='ltr'><strong>Theclam</strong></span> <span class='ocrx_word' id='word_1_317' title='bbox 1602 2368 1823 2413; x_wconf 78' lang='lat' dir='ltr'><strong>AEgyptiam</strong></span> <span class='ocrx_word' id='word_1_318' title='bbox 1846 2368 2001 2412; x_wconf 74' lang='lat' dir='ltr'><strong>ejusque</strong></span> 
     </span>
     <span class='ocr_line' id='line_1_29' title="bbox 193 2437 1999 2484; baseline -0.002 -11"><span class='ocrx_word' id='word_1_319' title='bbox 193 2440 304 2484; x_wconf 80' lang='lat' dir='ltr'><strong>plane</strong></span> <span class='ocrx_word' id='word_1_320' title='bbox 329 2439 478 2473; x_wconf 81' lang='lat' dir='ltr'><strong>diversa</strong></span> <span class='ocrx_word' id='word_1_321' title='bbox 507 2440 553 2473; x_wconf 87' lang='lat' dir='ltr'><strong>ab</strong></span> <span class='ocrx_word' id='word_1_322' title='bbox 583 2438 686 2473; x_wconf 85' lang='lat' dir='ltr'><strong>Actis</strong></span> <span class='ocrx_word' id='word_1_323' title='bbox 722 2439 895 2480; x_wconf 85' lang='lat' dir='ltr'><strong>Theclae,</strong></span> <span class='ocrx_word' id='word_1_324' title='bbox 935 2449 1027 2482; x_wconf 85' lang='lat' dir='ltr'><strong>quo-</strong></span> <span class='ocrx_word' id='word_1_325' title='bbox 1170 2439 1330 2473; x_wconf 85' lang='lat' dir='ltr'><strong>fratrem</strong></span> <span class='ocrx_word' id='word_1_326' title='bbox 1347 2438 1495 2482; x_wconf 72' lang='lat' dir='ltr'><strong>Pae&#39;sin,</strong></span> <span class='ocrx_word' id='word_1_327' title='bbox 1525 2439 1594 2473; x_wconf 83' lang='lat' dir='ltr'><strong>sub</strong></span> <span class='ocrx_word' id='word_1_328' title='bbox 1606 2437 1839 2473; x_wconf 81' lang='lat' dir='ltr'><strong>Diocletiano</strong></span> <span class='ocrx_word' id='word_1_329' title='bbox 1861 2448 1999 2483; x_wconf 72' lang='lat' dir='ltr'><strong>passos,</strong></span> 
     </span>
     <span class='ocr_line' id='line_1_30' title="bbox 194 2507 1386 2553; baseline 0 -10"><span class='ocrx_word' id='word_1_330' title='bbox 194 2521 281 2544; x_wconf 84' lang='lat' dir='ltr'><strong>rum</strong></span> <span class='ocrx_word' id='word_1_331' title='bbox 305 2509 520 2553; x_wconf 82' lang='lat' dir='ltr'><strong>fragmenta</strong></span> <span class='ocrx_word' id='word_1_332' title='bbox 554 2508 713 2543; x_wconf 82' lang='lat' dir='ltr'><strong>dialecto</strong></span> <span class='ocrx_word' id='word_1_333' title='bbox 738 2507 917 2543; x_wconf 74' lang='lat' dir='ltr'><strong>Sabidica</strong></span> <span class='ocrx_word' id='word_1_334' title='bbox 941 2519 1028 2541; x_wconf 88' lang='lat' dir='ltr'><strong>con-</strong></span> <span class='ocrx_word' id='word_1_335' title='bbox 1168 2507 1386 2553; x_wconf 82' lang='lat' dir='ltr'><strong>respiciunt.</strong></span> 
     </span>
    </p>
   </div>
   <div class='ocr_carea' id='block_1_4' title="bbox 171 2577 1527 2691">
    <p class='ocr_par' dir='ltr' id='par_1_5' title="bbox 171 2577 1527 2691">
     <span class='ocr_line' id='line_1_31' title="bbox 171 2577 1028 2623; baseline -0.001 -11"><span class='ocrx_word' id='word_1_336' title='bbox 171 2598 175 2602; x_wconf 98' lang='lat'>-</span> <span class='ocrx_word' id='word_1_337' title='bbox 195 2578 335 2622; x_wconf 86' lang='lat' dir='ltr'><strong>scripta</strong></span> <span class='ocrx_word' id='word_1_338' title='bbox 370 2588 390 2610; x_wconf 89' lang='lat' dir='ltr'><strong>e</strong></span> <span class='ocrx_word' id='word_1_339' title='bbox 415 2577 643 2611; x_wconf 80' lang='lat' dir='ltr'><strong>membranis</strong></span> <span class='ocrx_word' id='word_1_340' title='bbox 668 2577 871 2623; x_wconf 84' lang='lat' dir='ltr'><strong>Borgianis</strong></span> <span class='ocrx_word' id='word_1_341' title='bbox 893 2577 1028 2622; x_wconf 81' lang='lat' dir='ltr'><strong>vulga-</strong></span> 
     </span>
     <span class='ocr_line' id='line_1_32' title="bbox 196 2645 1527 2691; baseline -0.003 -8"><span class='ocrx_word' id='word_1_342' title='bbox 196 2648 254 2683; x_wconf 77' lang='lat' dir='ltr'><strong>vit</strong></span> <span class='ocrx_word' id='word_1_343' title='bbox 271 2646 454 2682; x_wconf 85' lang='lat' dir='ltr'><strong>Antonius</strong></span> <span class='ocrx_word' id='word_1_344' title='bbox 478 2645 677 2691; x_wconf 82' lang='lat' dir='ltr'><strong>Georgius,</strong></span> <span class='ocrx_word' id='word_1_345' title='bbox 705 2647 861 2682; x_wconf 79' lang='lat' dir='ltr'><strong>familiae</strong></span> <span class='ocrx_word' id='word_1_346' title='bbox 881 2646 1030 2682; x_wconf 82' lang='lat' dir='ltr'><strong>Eremi-</strong></span> <span class='ocrx_word' id='word_1_347' title='bbox 1104 2645 1135 2673; x_wconf 86' lang='lat'><strong>¹1</strong></span> <span class='ocrx_word' id='word_1_348' title='bbox 1161 2646 1329 2682; x_wconf 80' lang='lat' dir='ltr'><strong>Noesselt</strong></span> <span class='ocrx_word' id='word_1_349' title='bbox 1354 2646 1401 2680; x_wconf 87' lang='grc' dir='ltr'><strong>ΙΙ.</strong></span> <span class='ocrx_word' id='word_1_350' title='bbox 1441 2656 1475 2688; x_wconf 86' lang='lat' dir='ltr'><strong>p.</strong></span> <span class='ocrx_word' id='word_1_351' title='bbox 1495 2646 1527 2680; x_wconf 77' lang='lat'><strong>2.</strong></span> 
     </span>
    </p>
   </div>
   <div class='ocr_carea' id='block_1_5' title="bbox 268 2792 1735 2837">
    <p class='ocr_par' dir='ltr' id='par_1_6' title="bbox 268 2792 1735 2837">
     <span class='ocr_line' id='line_1_33' title="bbox 268 2792 1735 2837; baseline -0.003 -7"><span class='ocrx_word' id='word_1_352' title='bbox 268 2795 428 2830; x_wconf 72' lang='lat' dir='ltr'><strong>Mt&#39;intcri</strong></span> <span class='ocrx_word' id='word_1_353' title='bbox 454 2795 655 2829; x_wconf 72' lang='lat' dir='ltr'><strong>primordia</strong></span> <span class='ocrx_word' id='word_1_354' title='bbox 683 2794 850 2830; x_wconf 62' lang='lat' dir='ltr'><strong>Ecclesia?</strong></span> <span class='ocrx_word' id='word_1_355' title='bbox 882 2795 1072 2837; x_wconf 55' lang='lat' dir='ltr'><strong>Africana</strong></span> <span class='ocrx_word' id='word_1_356' title='bbox 1537 2808 1543 2813; x_wconf 81' lang='grc'><em>·</em></span> <span class='ocrx_word' id='word_1_357' title='bbox 1692 2792 1735 2827; x_wconf 80' lang='grc'><strong>11.</strong></span> 
     </span>
    </p>
   </div>
  </div>
 </body>
</html>
