2341 3340
1025 126 1126 173 209

133 275 317 323 tempore
352 270 561 322 Aegyptii,
610 269 879 309 Athenienses
917 267 1066 318 aliique
1109 268 1269 305 veteres
1306 266 1442 318 populi
1475 265 1724 315 habuerant,
1767 263 2028 305 differebatur

131 354 225 402 post
243 354 419 401 partum:
457 349 616 401 peperit
637 359 734 386 vero
761 350 854 386 ante
882 344 991 385 diem
1019 345 1218 384 ludorum.
1275 343 1338 382 Ex
1365 345 1598 392 visionibus,
1629 344 1775 396 quibus
1800 348 2026 384 recreatam

132 439 178 467 se
217 427 345 466 sensit
379 426 609 479 Perpetua,
656 425 772 465 valde
808 425 856 464 fit
898 423 1154 470 verosimile,
1204 434 1293 461 eam
1336 423 1548 473 sociosque
1583 422 1857 462 Montanismo
1896 422 2026 462 fuisse

131 504 316 564 addictos
331 506 360 543 ⁶.
417 506 550 558 Hujus
576 515 671 543 sane
701 503 891 556 Martyrii
916 506 1005 542 acta
1034 500 1249 556 (genuina,
1280 500 1316 540 si
1347 512 1437 551 quae
1465 497 1684 553 unquam),
1724 513 1815 552 quae
1841 500 2027 548 Pontius,

131 586 272 623 auctor
298 585 391 623 vitae
421 583 462 623 S.
493 583 704 636 Cypriani,
745 582 980 635 cognovisse
1015 580 1176 620 videtur
1191 579 1226 628 ⁷,
1264 591 1346 619 non
1374 579 1462 617 sine
1493 581 1713 617 tenerrimo
1746 579 1870 630 animi
1904 590 2028 618 sensu

129 664 252 713 atque
287 663 557 702 commotione
595 662 677 714 legi
707 664 874 713 possunt
888 659 918 701 8.
992 659 1027 699 Α
1060 670 1214 710 nupero
1242 661 1358 710 partu
1387 656 1553 704 debilis,
1591 668 1614 695 a
1640 657 1804 704 marito,
1842 657 1912 708 qui
1938 657 2026 708 ipse

131 738 399 781 Christianusv
421 742 550 781 fuisse
593 740 774 789 videtur,
821 739 1018 778 derelicta
1061 737 1174 790 (nam
1208 748 1261 774 ne
1303 735 1426 774 verbo
1467 733 1631 786 quidem
1667 731 1940 787 nominatur),
1983 735 2027 773 in

128 817 217 870 ipso
245 832 406 859 carcere
423 821 635 871 baptizata,
663 819 779 857 firma
810 821 851 856 et
879 815 1096 855 immobilis
1121 814 1311 866 precibus
1342 813 1465 865 patris
1497 812 1548 851 ad
1578 811 1706 864 pedes
1735 811 1823 864 ejus
1851 811 2030 850 obvoluti

127 898 295 946 resistit,
323 911 447 948 seque
476 897 674 935 constanti
701 897 834 935 animo
857 894 1126 934 Christianam
1156 892 1389 944 profitetur:
1421 891 1567 941 reliqui
1596 901 1757 941 quoque
1792 890 2029 929 constantiae

129 979 173 1014 et
200 975 450 1015 fortitudinis
478 975 598 1014 laude
630 975 820 1014 cumulati
842 974 974 1013 fuere.
1030 971 1237 1018 Felicitas,
1257 974 1372 1021 partu
1388 969 1502 1017 felix,
1531 968 1626 1007 laeta
1648 968 1883 1019 martyrium
1905 966 2028 1007 subit.

128 1052 175 1093 In
214 1064 398 1103 carcere,
443 1053 512 1105 qui
553 1056 638 1092 erat
682 1052 931 1099 Castrensis,
974 1050 1287 1103 Amphitheatro
1323 1048 1503 1095 vicinus,
1555 1059 1634 1097 quo
1669 1045 2028 1094 transferebantur,

125 1138 293 1186 praeter
321 1132 677 1173 consuetudinem
700 1131 960 1185 castigatius
974 1130 1295 1174 tractabantur,
1326 1129 1371 1166 in
1394 1127 1540 1167 nervis
1564 1126 1849 1170 tenebantur;
1872 1124 2030 1164 deinde

126 1215 273 1251 tamen
303 1213 454 1253 melius
485 1212 633 1259 habiti,
660 1211 964 1263 fratribusque
985 1209 1185 1261 facultas
1205 1209 1337 1257 facta
1370 1203 1626 1243 introeundi
1654 1207 1697 1241 et
1729 1203 2031 1255 refrigerandi

127 1301 224 1328 cum
253 1291 328 1337 eis,
361 1289 470 1330 haud
498 1289 620 1328 dubie
648 1288 940 1327 intercessione
969 1285 1292 1324 Christianorum
1322 1280 1735 1332 Carthaginiensium,
1778 1292 1901 1329 quum
1928 1279 2029 1318 duos

126 1364 250 1419 hujus
276 1367 458 1406 ecclesiae
483 1368 686 1413 diaconos,
717 1365 904 1405 Tertium
931 1367 973 1403 et
988 1361 1270 1413 Pomponium,
1293 1360 1343 1399 iis
1369 1359 1616 1398 ministrasse
1638 1359 1829 1410 legamus.
1879 1358 2028 1398 Pridie

126 1457 253 1497 quam
285 1449 549 1499 paterentur
588 1446 899 1485 administrata
939 1444 993 1483 iis
1021 1442 1123 1494 fuit
1160 1453 1314 1480 σοΕΝΑ
1352 1434 1578 1485 LIBERA9,
1628 1449 1746 1488 quam
1781 1437 1825 1475 in
1862 1448 2028 1489 agapam

175 1599 192 1626 ὗ
217 1598 360 1633 Eorum
390 1599 668 1633 orthodoxiam
698 1600 877 1634 adversus
909 1598 1054 1632 Rasna·
1146 1594 1165 1621 8
1188 1593 1305 1627 Plura
1344 1592 1484 1626 horum
1514 1592 1697 1625 Actorum
1733 1592 1862 1624 extant
1894 1599 2028 1624 manu-

221 1667 332 1713 gium
352 1667 545 1702 vindicare
569 1668 693 1702 minus
722 1669 888 1702 feliciter
908 1666 1055 1702 studuit
1195 1662 1336 1706 scripta
1361 1661 1534 1695 nonnihil
1555 1661 1715 1695 diversa.
1749 1660 1833 1693 Duo
1851 1659 2029 1693 adserva-

1193 1731 1334 1765 bantur
1363 1730 1521 1764 Parisiis
1552 1730 1590 1763 in
1618 1730 1720 1764 Bibl.
1738 1728 1960 1763 Monasterii
1989 1728 2027 1762 S.

1195 1792 1389 1841 Victoris,
1435 1799 1540 1833 aliud
1578 1799 1800 1833 Holstenius
1845 1798 1885 1832 in
1923 1797 2026 1832 Bibl.

1193 1870 1334 1904 Montis
1370 1869 1497 1903 Casini
1531 1868 1686 1902 invenit.
1737 1868 1866 1912 Neque
1894 1868 2029 1901 desunt

221 1735 308 1770 Joh.
325 1736 559 1781 Augustinus
573 1737 783 1772 Cardinalis
801 1737 889 1771 Orsi
906 1736 1054 1771 Disser-

221 1804 364 1839 tatione
393 1805 552 1850 Apolog.
581 1817 616 1849 p.
638 1806 717 1845 145.
737 1809 825 1840 nota
848 1806 904 1841 47.
929 1807 1053 1840 citata.

176 1897 195 1925 ⁷
217 1896 306 1932 Huc
322 1896 422 1931 enim
440 1900 608 1942 spectant
630 1899 749 1932 verba
771 1898 851 1941 ejus
875 1898 913 1932 in
943 1897 1052 1932 initio

221 1965 311 2001 vitae
332 1965 369 2000 S.
393 1966 594 2011 Cypriani,
621 1968 677 2002 ed.
703 1968 804 2002 Felli
827 1980 863 2013 p.
885 1968 917 2002 1.
967 1969 1053 2002 Μα-

218 2033 319 2076 jores
346 2035 485 2076 nostri,
521 2037 681 2078 Plebejz‘s
713 2042 749 2071 et
784 2038 1054 2072 catechumenis

224 2102 430 2147 Martyrum
461 2105 657 2138 consecutis
675 2130 687 2145 ‚
729 2110 871 2139 tantum
913 2107 1054 2139 honoris

188 2207 192 2210 χ
222 2183 289 2217 pro
306 2172 471 2216 martyrii
486 2172 596 2216 ipsius
612 2175 841 2209 veneratione
867 2175 1054 2216 dederunt,

225 2244 267 2275 ut
280 2241 323 2275 de
338 2241 562 2285 passionibus
578 2253 696 2276 eorum
715 2244 842 2284 multa,
862 2249 927 2277 aut
944 2255 1055 2288 prope

224 2309 373 2345 dixerim
385 2321 477 2355 pene
507 2316 659 2353 cuncta,
693 2313 985 2357 conscripserint,
1015 2317 1056 2347 ut

226 2379 277 2414 ad
303 2382 462 2413 nostrum
493 2391 625 2425 quoque
651 2381 844 2422 notitiam,
882 2382 943 2425 qui
966 2394 1054 2415 non-

226 2449 310 2483 dum
334 2448 416 2481 nati
430 2448 581 2490 fuimus,
601 2451 838 2493 pervenirent.
885 2451 942 2485 Cf.
963 2461 1054 2495 quo-

225 2529 297 2562 que
321 2516 407 2551 Orsi
434 2516 630 2552 Dissertat.
659 2519 855 2566 Apologet.
883 2532 918 2565 p.
937 2520 992 2554 20.
1018 2523 1055 2554 et

226 2586 397 2621 Holsten.
409 2585 448 2619 in
460 2585 566 2619 Notis
578 2586 624 2619 ad
636 2587 845 2630 passionem
859 2589 894 2624 S.
906 2588 1055 2634 Perpet.

227 2659 265 2689 et
284 2654 493 2689 Felicitatis
516 2657 549 2698 ἕ.
566 2654 621 2689 11.
639 2666 735 2690 vers.
755 2656 789 2690 1.

292 2770 456 2804 Mzinteri
478 2769 682 2805 Primordia
704 2770 873 2805 Ecclesioe
900 2771 1094 2814 Africanoe.

1194 1939 1427 1984 exemplaria
1439 1939 1477 1972 in
1495 1937 1747 1972 Bibliothecis
1767 1949 1834 1982 per
1849 1936 2027 1979 Galliam,

1194 2010 1373 2055 Angliam
1395 2034 1406 2051 ,
1455 2008 1784 2051 Germaniamque.
1857 2006 2027 2040 Visiones

1193 2090 1278 2115 suas
1297 2079 1378 2123 ipsa
1398 2078 1585 2121 Perpetua
1606 2081 1718 2121 atque
1737 2076 1895 2110 Saturus
1908 2074 2027 2118 scrip-

1195 2151 1334 2183 serunt.
1384 2146 1682 2191 Interrogatoria
1699 2149 1736 2179 et
1757 2144 1919 2179 historia
1935 2143 2027 2177 Pas-

1194 2217 1308 2251 sionis
1335 2228 1357 2250 a
1381 2215 1536 2250 notariis
1558 2214 1783 2249 Christianis
1804 2216 1842 2247 et
1868 2211 2027 2246 oculatis

1194 2286 1354 2321 testibus
1385 2286 1529 2319 calamo
1558 2288 1734 2329 excepta,
1760 2286 1797 2316 et
1818 2283 1865 2316 ab
1884 2281 2026 2316 incerto

1195 2356 1378 2399 scriptore
1392 2355 1622 2396 Christiano,
1649 2365 1722 2387 uno
1745 2356 1812 2386 aut
1840 2350 2026 2396 pluribus,

1195 2424 1234 2458 in
1261 2436 1380 2458 unum
1411 2428 1588 2469 congesta
1617 2423 1806 2457 videntur.
1854 2421 1910 2454 De
1930 2420 2026 2454 Ter-

1194 2494 1355 2527 tulliano
1371 2518 1380 2535 ,
1428 2505 1519 2526 num
1561 2496 1693 2527 auctor
1729 2491 1924 2526 habendus
1964 2489 2026 2531 sit,

1195 2562 1298 2596 infra
1328 2561 1554 2596 videbimus.

1146 2632 1164 2660 9
1199 2633 1307 2666 Hanc
1353 2631 1518 2665 liberam
1556 2629 2028 2665 ,coenam-uscommemorat

1195 2712 1343 2746 quoque
1383 2699 1643 2735 Tertullianus
1675 2699 1873 2744 Apologet.
1900 2708 1932 2732 c.
1960 2695 2026 2730 42:

1719 2767 1765 2802 27
