2341 3340
1034 175 1099 219 39

117 316 325 356 difficilior
355 318 416 355 est
439 313 622 365 quaestio,
653 324 778 363 quum
803 311 890 363 jam
920 311 972 350 de
1002 312 1206 351 communi
1235 313 1414 352 omnium
1430 312 1749 358 Christianorum
1778 322 2021 372 sacerdotio,

109 396 196 449 jam
227 395 278 435 de
308 392 533 434 sacerdotio
553 390 847 442 Episcoporum
878 393 919 429 et
938 391 1160 442 generatim
1185 389 1350 429 Ordinis
1377 391 1563 432 bifariam
1593 393 1798 446 disputare
1825 400 2020 442 videatur.

117 473 221 513 Sunt
252 473 416 523 quidem
446 469 521 508 viri
553 468 663 507 docti
702 469 770 519 qui
798 472 996 515 statuant,
1032 481 1124 506 eum
1151 481 1232 507 non
1262 468 1313 506 de
1347 471 1531 509 omnibus
1562 472 1673 510 laicis
1705 475 1910 521 universe,
1949 482 2021 520 sed

117 553 170 591 de
202 549 501 606 spiritualibus
540 553 584 587 et
614 548 888 601 prophetiam
917 547 1191 593 habentibus,
1228 547 1270 585 h.
1301 559 1336 585 e.
1365 548 1650 590 Montam·stz·s
1678 552 1813 603 loqui,
1848 556 1916 606 qui
1945 559 2021 597 soli

118 633 253 669 essent
283 627 368 665 veri
408 625 639 664 sacerdotes
654 623 682 662 4.
754 625 972 672 Attamen,
1013 637 1134 675 quum
1166 625 1211 663 hi
1244 624 1440 665 Ordinem
1472 626 1776 679 Episcoposque
1811 631 2022 685 haberent,

116 708 183 759 qui
205 706 383 757 ipsorum
415 704 601 743 coetibus
630 706 873 755 praeessent,
913 704 975 741 vix
1009 703 1178 742 inducar
1206 707 1252 742 ut
1280 704 1381 743 mihi
1412 705 1696 756 persuadeam,
1733 720 1802 747 eos
1836 713 2021 753 omnibus

114 785 185 835 qui
222 784 271 822 iis
310 783 568 822 adhaererent
597 782 666 834 jus
694 795 781 821 rem
816 795 970 821 sacram
1013 782 1192 822 faciendi
1229 783 1479 821 concessisse
1502 783 1532 821 5.
1605 784 1736 824 Cardo
1784 791 1918 828 autem
1961 793 2023 831 rei

113 862 294 901 versatur
321 863 363 900 in
392 861 687 913 significatione
718 861 827 898 vocis
856 862 1055 901 Ecclesia
1087 873 1212 913 penes
1242 865 1449 900 auctorem
1480 866 1676 911 nostrum,
1710 875 1829 914 quam
1859 868 2023 918 quidem

113 941 265 993 optimc
294 943 500 979 assecutus
528 939 630 978 mihi
661 938 820 977 videtur
849 937 949 977 Rev.
981 939 1211 992 Episcopus
1243 937 1524 980 Ln'ncolnensis
1542 940 1570 978 ⁶.
1628 941 1708 981 I-Iic
1737 944 1864 993 enim,
1899 959 2022 997 quum

115 1019 410 1059 Tertullianum
440 1019 573 1070 ipsum
604 1017 769 1056 inducat
803 1018 1035 1067 loquentem
1052 1018 1089 1056 ⁷:
1147 1018 1200 1058 Si
1231 1019 1324 1058 koec
1368 1020 1433 1059 ita
1472 1034 1518 1059 se
1551 1021 1733 1070 habent,
1778 1029 1829 1064 ut
1858 1027 2022 1067 veritas

113 1098 233 1138 uobis
262 1097 555 1149 adjudicetur,
586 1098 834 1150 quicumque
865 1099 910 1137 in
935 1111 986 1137 ea
1010 1099 1166 1150 regula
1197 1098 1448 1145 incedimus,
1478 1112 1604 1151 quam
1631 1101 1809 1140 ecclesia
1839 1102 1889 1142 ab
1905 1105 2021 1158 Apo-

112 1177 249 1222 stoli-s,
277 1177 481 1229 Apostoli
503 1189 529 1214 a
558 1175 742 1222 Christo,
774 1176 972 1215 Christus
992 1189 1018 1214 a
1037 1177 1130 1215 Deo
1160 1175 1359 1222 tradidit,
1392 1175 1622 1214 luculenter
1652 1178 1842 1226 ostendit,
1875 1180 2020 1221 Afrum

112 1266 275 1294 omnem
305 1254 490 1292 ecclesiae
528 1253 752 1292 doctrinam
799 1254 1011 1302 omniaque
1047 1253 1133 1303 ejus
1166 1253 1332 1290 decreta
1365 1264 1440 1303 per
1475 1252 1693 1304 Apostolos
1732 1255 2021 1311 Christumque

111 1346 136 1372 a
170 1332 419 1371 revelatione
458 1333 592 1372 divina
637 1331 839 1378 derivare3
881 1333 923 1369 et
958 1331 993 1369 si
1027 1330 1136 1369 forte
1177 1330 1358 1378 dubites,
1406 1343 1457 1369 an
1499 1331 1576 1370 ista
1617 1345 1759 1373 revera
1789 1336 1870 1375 sint
1900 1338 2022 1378 verba

83 1406 87 1410 ”
113 1410 373 1458 Tertulliani,
407 1423 528 1462 quum
557 1413 649 1462 post
678 1423 763 1462 cap.
783 1410 850 1448 36.
879 1410 1085 1462 legantur,
1117 1409 1244 1448 habes
1268 1409 1345 1448 alia
1376 1409 1462 1461 ejus
1493 1409 1612 1449 effata
1642 1424 1733 1451 cum
1761 1413 1876 1452 hisce
1903 1415 2022 1467 plane

111 1492 405 1537 consentanea3
449 1489 632 1540 inprimis
663 1502 748 1540 cap.
772 1488 853 1537 20„
891 1502 970 1540 quo
999 1488 1129 1528 omnis
1156 1487 1385 1526 traditionis
1415 1488 1703 1529 ecclesiasticae
1735 1493 1847 1545 origo
1878 1494 2021 1534 ordine

109 1571 330 1607 recesetur.
388 1567 585 1607 Christus
602 1570 715 1608 euim
733 1570 822 1608 Dei
829 1570 958 1622 filius
970 1569 1116 1622 patris
1141 1568 1412 1607 voluntatem
1433 1568 1760 1611 administravit
1769 1585 1785 1618 ;
1817 1574 2020 1626 quamdiu

112 1648 158 1686 in
186 1649 318 1687 terris
347 1646 517 1698 agebat,
548 1648 640 1698 ipse
665 1647 991 1699 pronunciabat
1008 1676 1017 1685 .
1037 1677 1046 1686 .
1065 1676 1074 1686 .
1092 1675 1102 1685 .
1135 1645 1359 1684 duodecim
1392 1648 1617 1699 praecipue
1646 1645 1902 1702 (discentes)
1942 1665 2022 1692 suo

113 1725 249 1763 lateri
276 1725 518 1775 adlegerat,
550 1723 793 1763 destinatos
821 1724 1072 1763 nationibus
1098 1723 1333 1773 magistros
1348 1751 1550 1763 ........
1582 1726 1657 1764 lzos
1687 1727 1941 1778 regrediens
1964 1730 2023 1769 ad

156 1875 175 1903 4
200 1876 257 1909 Cf.
290 1875 509 1910 Neandrum
543 1875 650 1909 Geist
688 1874 751 1907 des
780 1874 1042 1908 Tertullianus
1186 1877 1314 1907 tamen
1344 1875 1543 1909 nonnullos
1574 1876 1639 1920 qui
1672 1877 1745 1911 hoe
1779 1890 1912 1914 revera
1945 1884 2019 1916 sta-

203 1956 241 1989 p.
261 1943 341 1978 204.
361 1944 426 1988 qui
437 1944 721 1978 Tertullianum
740 1942 777 1976 in
798 1942 923 1977 limite
943 1943 1043 1977 inter
1185 1946 1336 1977 tuerent
1356 1970 1367 1986 ,
1408 1954 1453 1976 ex
1494 1954 1573 1989 cap.
1604 1945 1661 1979 12.
1702 1947 1749 1980 de
1781 1951 2021 1996 monogamia

205 2016 297 2050 duas
328 2014 487 2058 epochas
515 2013 749 2047 Christianus
784 2012 907 2046 veluti
941 2013 1043 2058 posi—
1183 2013 1368 2057 suspicari
1395 2012 1497 2048 licet.

203 2087 299 2125 tum,
325 2083 363 2117 iu
395 2082 563 2116 diversas
589 2082 697 2116 abire
723 2086 869 2127 partes,
900 2083 1043 2126 etjam
1137 2105 1155 2149 5
1185 2105 1249 2139 Sic
1301 2105 1467 2151 Augusti
1517 2107 1907 2155 Denkwfirdigkesten
1953 2112 2019 2147 der

204 2164 250 2187 ex
273 2155 397 2186 mente
421 2152 692 2196 antiquissima:
728 2152 894 2186 ecclesiae
918 2152 1042 2186 omni·
1185 2174 1435 2209 christlichen
1476 2175 1732 2223 Arellfiologie
1765 2180 1847 2216 VH·
1878 2193 1914 2225 P·
1937 2181 2017 2217 194·

204 2223 276 2255 bus
316 2221 541 2255 Christianis
568 2221 658 2263 jura
694 2220 941 2255 sacerdotalia
972 2221 1041 2255 tri-
1238 2244 1247 2252 .
1420 2244 1466 2266 (⁸)
1515 2245 1525 2253 .
1669 2246 1696 2266 ,Ἴ
1765 2248 1773 2256 .

1184 2256 1250 2288 qui
1285 2255 1307 2279 a
1338 2256 1373 2289 p.
1397 2244 1477 2279 1,)...
1513 2246 1601 2279 1nde
1637 2247 1838 2282 historiam
1869 2254 2018 2286 contro—

203 2290 344 2331 buere,
367 2289 454 2332 'jam
483 2290 616 2323 eadem
651 2301 695 2324 ex
721 2290 918 2332 sententia’
961 2301 1042 2334 ‘1¹¹ae
1184 2313 1316 2347 versiae
1351 2314 1396 2347 de
1433 2314 1506 2348 hac
1535 2326 1576 2348 re
1605 2315 1704 2350 inter
1734 2317 1949 2355 Catholicos
1981 2324 2019 2356 ct

206 2360 330 2394 seculo
354 2360 514 2393 secundo
534 2361 739 2404 praevalerc
761 2359 896 2403 coepit,
925 2371 1043 2403 quum
1183 2382 1441 2417 protestantes
1465 2383 1613 2419 exitatae
1635 2386 1885 2431 Persequitur·

204 2429 329 2474 prima
370 2427 607 2462 Ilicrarchiae
652 2429 899 2462 fundamenta
929 2440 1044 2472 pone-

204 2501 337 2531 rentur
357 2521 367 2538 ⁹
410 2492 640 2542 1,estringffl;e
683 2497 826 2532 Statuit.
899 2498 1039 2532 Contra
1133 2475 1150 2502 6
1175 2474 1261 2509 The
1284 2475 1551 2511 ecclesiastical
1570 2478 1719 2524 history
1741 2481 1785 2514 of
1805 2482 1870 2515 the
1883 2483 2018 2517 second

204 2577 295 2601 vero
322 2564 488 2610 Priorem
513 2566 756 2602 assertionem
784 2568 1039 2612 disputantem
1180 2545 1254 2578 and
1291 2545 1397 2578 thu-d
1437 2549 1623 2580 centuries
1666 2549 1878 2584 illustrated
1917 2552 2018 2586 from

203 2636 292 2670 vide
329 2634 559 2678 Episcopum
598 2634 886 2670 Lincolnensem
926 2637 1038 2671 Praef.
1180 2614 1247 2647 the
1266 2613 1440 2657 writings
1465 2615 1508 2647 of
1519 2614 1733 2651 Tertuuian
1763 2630 1797 2661 P·
1819 2619 2016 2664 229'Se‘lu'

204 2717 239 2750 p.
269 2716 386 2739 xviii.
420 2706 457 2737 ct
498 2714 575 2748 cap.
606 2703 668 2738 IV.
707 2716 742 2748 p.
770 2705 851 2740 223.
908 2705 1040 2740 Fuisse
1136 2704 1153 2732 7
1177 2704 1232 2739 De
1259 2716 1404 2750 praescr.
1437 2706 1646 2743 haereticor.
1679 2720 1708 2742 c.
1727 2708 1783 2744 37.
