2341 3340
1158 114 1224 161 22

223 261 392 317 negotio
437 257 746 315 explicandum,
797 259 867 310 qui
909 258 1188 299 Tertullianus
1222 259 1286 297 tot
1325 254 1517 296 adversus
1552 256 1783 297 IIaereticos
1826 256 1954 297 libros
1997 256 2156 308 aliaque

225 340 421 394 opuscula
452 341 579 381 cdere
602 340 813 393 potuerit,
855 351 948 390 quae
977 351 1074 378 sane
1103 338 1214 377 haud
1245 337 1501 389 scripsisset,
1542 337 1620 376 nisi
1649 338 1691 376 in
1717 337 1855 376 Africa
1880 336 2058 376 fuissent
2087 336 2158 386 qui

224 420 412 473 legerent
443 423 564 471 atque
596 420 888 473 intelligerent.
945 417 1103 458 Multos
1132 420 1268 456 autem
1297 417 1368 455 iilo
1398 420 1585 466 tempore
1616 417 1660 456 in
1691 417 1830 456 Africa
1855 417 1941 469 jam
1974 416 2158 454 extitisse

225 499 552 549 Christianorum
581 503 737 547 coetus,
770 499 944 538 inferius
976 497 1228 550 probabitur.
1299 496 1424 545 Atqui
1453 496 1601 534 horum
1636 499 1827 534 coetuum
1853 496 2081 548 Episcopos
2116 496 2159 533 et

223 565 494 631 Presbyteros
528 579 724 635 docentes
757 579 932 617 incultos
964 578 1262 626 illiteratosque
1291 576 1420 614 fuisse
1451 575 1639 614 homines
1669 576 1836 614 minime
1877 574 2156 621 statuendum3

226 669 307 709 quo
338 659 448 698 enim
476 660 600 699 modo
630 660 677 698 hi
706 658 959 698 Christianos
996 657 1103 696 bene
1132 655 1316 694 eruditos
1350 656 1502 694 docere
1531 654 1788 707 potuissent?
1846 654 1930 693 Eos
1959 656 2160 706 praeterea

225 748 360 788 neque
394 751 545 788 servos,
572 751 707 790 neque
733 737 1000 777 manumissos
1026 747 1073 774 ac
1103 735 1288 783 libertos,
1316 735 1390 774 sed
1419 736 1608 787 ingenuae
1638 733 1884 773 conditionis
1913 734 2055 781 fuisse,
2085 744 2160 784 per

226 829 272 856 se
299 820 423 870 patet.
483 818 527 857 Si
550 831 674 870 porro
708 820 861 856 attente
891 817 1082 867 leguntur
1111 826 1203 864 quae
1222 813 1500 853 Tertullianus
1534 814 1661 853 habet
1685 814 1736 852 de
1773 815 1872 853 luxu
1900 813 2159 861 feminarum,

227 896 351 935 facile
384 897 662 949 intelligetur,
704 897 820 935 hisce
850 907 933 934 non
951 894 1122 933 ancillas
1147 895 1258 944 carpi
1288 893 1362 932 sed
1390 897 1594 932 matronas
1626 893 1890 932 Christianus.
1953 892 2162 932 Addamus

227 976 376 1015 multos
416 977 459 1015 in
497 976 641 1016 Africa
676 975 764 1028 ejus
791 974 878 1026 jam
923 977 1110 1026 tempore
1148 972 1332 1012 extitisse
1372 973 1617 1021 Gnosticos.,
1668 976 1711 1012 et
1748 974 1947 1012 variarum
1994 972 2162 1023 quidem

225 1058 428 1095 sectarum
467 1055 683 1103 adseclas3
731 1065 904 1105 quorum
932 1057 1069 1092 tamen
1105 1055 1295 1091 coetuum
1330 1052 1479 1104 placita
1515 1053 1706 1106 amplecti
1741 1055 1909 1093 minime
1938 1055 2163 1105 potuerunt

227 1133 416 1174 homines
463 1135 584 1185 plane
631 1133 755 1174 rudes
806 1137 929 1184 atque
972 1133 1233 1173 decretorum
1282 1132 1557 1184 philosophiae
1605 1132 1825 1172 Orientalis
1869 1133 2012 1185 ignari.
2095 1132 2163 1172 Ad

227 1212 606 1255 Valentinianorum
640 1216 842 1266 praeterea
883 1225 1018 1252 sascra
1058 1226 1142 1252 non
1178 1213 1257 1252 nisi
1301 1211 1470 1251 ditiores
1513 1211 1858 1261 admittebantur,
1904 1213 1976 1262 qui
2018 1225 2164 1265 magna

228 1294 404 1347 pecunia
456 1294 713 1333 initationem
764 1292 1023 1332 redimebant
1040 1290 1103 1341 253
1155 1291 1266 1330 unde
1303 1290 1421 1330 valde
1465 1291 1513 1329 fit
1550 1291 1778 1343 probabille
1798 1320 1810 1341 ,
1863 1304 2005 1331 omnes
2047 1293 2163 1341 illos,

231 1375 302 1425 qui
338 1374 388 1413 iis
431 1386 523 1413 sese
563 1373 872 1426 adjunxissent,
914 1372 1043 1411 fuisse
1086 1371 1275 1410 homines
1323 1371 1544 1423 ingenuos,
1583 1373 1627 1409 et
1663 1371 1752 1409 sine
1787 1370 1911 1410 dubio
1953 1371 2161 1411 Romanos

232 1453 511 1504 Graecosque,
550 1456 619 1492 aut
650 1452 847 1492 Romanis
887 1456 928 1491 et
967 1452 1125 1491 Graecis
1155 1451 1298 1490 saltem
1329 1450 1478 1489 litteris
1507 1449 1703 1490 eruditos.
1762 1450 1887 1489 Afros
1917 1451 2045 1499 enim,
2094 1451 2165 1501 qui

230 1524 416 1586 inprimis
450 1537 638 1585 tempore
671 1532 780 1571 inter
812 1531 1110 1571 Tertullianum
1139 1533 1260 1580 atque
1291 1529 1540 1581 Cyprianum
1566 1530 1786 1582 interjecto
1814 1531 1959 1582 maj0ri
1992 1543 2163 1570 numero

234 1612 287 1652 ad
319 1612 552 1652 Christiana
580 1625 693 1652 sacra
722 1612 946 1650 accessisse
967 1611 1182 1658 videntur,
1221 1614 1424 1649 sectarum
1447 1609 1732 1648 Gnosticarum
1761 1611 1946 1649 abstrusa
1976 1609 2167 1662 dogmata

232 1692 343 1731 haud
372 1693 612 1745 adoptasse,
655 1691 839 1742 quemvis
874 1691 1040 1731 illorum
1071 1693 1304 1742 temporum
1333 1701 1503 1741 gnarum
1540 1700 1704 1727 mecum
1743 1689 2068 1729 consentientem
2098 1701 2166 1729 me

231 1771 469 1812 habiturum
498 1772 701 1812 existimo.

399 1851 440 1889 4.
497 1850 653 1892 Verum
694 1852 848 1902 praeter
888 1848 1089 1899 ingenuos
1132 1846 1277 1898 ingens
1315 1859 1477 1899 quoque
1520 1846 1564 1885 in
1600 1846 1742 1886 Africa
1783 1847 1918 1887 extitit
1956 1859 2165 1887 servorum

232 1931 466 1972 multitudo.
524 1930 689 1981 Ubique
715 1929 825 1967 enim
850 1928 894 1966 iu
927 1927 1026 1965 orbe
1051 1926 1237 1965 Romano
1266 1927 1447 1978 patriciae
1479 1925 1671 1974 familiae,
1714 1930 1856 1978 utpote
1895 1940 1985 1979 quae
2011 1927 2166 1980 praedia

233 2011 430 2062 villasque
476 2023 623 2062 magno
669 2021 842 2048 numero
882 2006 1146 2059 possidebant
1160 2006 1226 2054 2⁶,
1285 2006 1485 2044 immensa
1528 2006 1689 2044 alebant
1728 2019 1935 2045 servorum
1978 2007 2164 2059 agmina,

235 2104 325 2143 quae
355 2091 543 2130 homines
574 2091 774 2141 ingenuos
821 2099 991 2126 numero
1031 2085 1259 2124 certissime
1288 2082 1591 2137 superabantffl.
1653 2084 1708 2124 Et
1737 2085 1942 2135 Africam,
1979 2087 2165 2139 inprimis

259 2246 296 2274 2⁵
323 2248 488 2281 Irenaeus
515 2247 600 2282 adv.
618 2246 763 2280 Haeres.
784 2245 814 2278 Ι.
836 2247 869 2288 4,
889 2245 922 2280 3.
952 2245 1123 2279 Initiatio
1142 2244 1181 2279 in
1320 2256 1402 2289 qum
1425 2244 1462 2278 in
1485 2244 1617 2278 Africa
1641 2242 1870 2287 possidebat,
1905 2243 1994 2277 Jovi
2010 2241 2165 2287 Capito-

332 2317 530 2351 Eleusinia
559 2327 699 2361 magna
724 2327 873 2360 quoque
895 2316 1056 2360 pecunia
1079 2316 1181 2350 redi·
1323 2313 1403 2348 lino
1433 2314 1528 2347 dono
1552 2313 1709 2348 dedisse.
2126 2309 2129 2311 Α

332 2387 521 2421 mcbatur.
569 2386 732 2420 Meursii
751 2385 947 2419 Eleusinia
973 2397 1003 2418 c.
1029 2385 1061 2419 8.
1108 2385 1182 2419 Ne-

336 2468 409 2501 quc
429 2455 1031 2499 minusvendebanturMystcria
1048 2452 1197 2497 Isiaca,
1254 2456 1291 2484 27
1324 2454 1484 2491 Athenis
1529 2454 1784 2499 ingenuorum
1829 2465 2033 2489 numerum
2075 2464 2163 2488 cum

335 2530 432 2560 testo
462 2526 625 2571 Apulejo
654 2525 811 2560 Metam.
843 2516 908 2560 XI.
935 2538 971 2570 p.
997 2524 1078 2560 267.
1099 2525 1179 2560 2'71.
1324 2537 1522 2562 servorum
1548 2535 1719 2564 numeror
1744 2528 2009 2568 comparatum
2043 2524 2162 2559 fuisse

338 2596 516 2632 Eunt—nh.
1324 2600 1368 2630 ut
1386 2596 1451 2630 27:
1477 2594 1556 2629 100.
1582 2595 1645 2628 vcl
1665 2594 1705 2629 l:
1734 2595 1782 2636 4.,
1810 2595 1918 2628 docet
1930 2594 2163 2637 Booekhius,

266 2666 302 2695 ‘26
331 2666 388 2700 De
435 2666 571 2701 'I'acito
618 2667 855 2712 Imperatore
891 2665 1037 2712 legitur
1081 2665 1182 2709 apud
1325 2666 1712 2711 Staatshaushaltung
1732 2666 1800 2699 der
1818 2665 1987 2698 Athener
2007 2665 2037 2699 I.
2058 2676 2092 2709 p.
2107 2665 2162 2699 40.

338 2736 542 2780 Vopiscum
563 2738 601 2772 in
617 2738 698 2772 vita
707 2737 814 2770 Flori
827 2750 857 2771 c.
871 2736 905 2770 3,
920 2747 1006 2769 eum
1027 2737 1181 2778 praedia,
