2341 3340
1173 161 1240 209 92

426 309 467 348 2.
523 306 641 349 Hanc
663 304 831 358 quidem
852 303 952 344 fidei
979 304 1175 357 regulam,
1208 317 1344 344 anam
1365 303 1554 351 omnino,
1588 314 1704 354 quam
1727 303 1878 351 solam,
1912 303 2163 344 immobilem
2208 337 2213 343 .

249 394 292 432 et
323 389 686 442 irreformabilem
713 384 968 438 pronunciat,
998 384 1166 423 exhibet
1192 383 1263 422 lib.
1287 383 1339 422 de
1371 381 1553 422 velandis
1583 377 1806 434 virginibus
1843 392 1878 420 c.
1910 381 1987 421 1.3.

516 465 736 508 Credendi
775 465 822 503 in
863 464 1038 504 unicam
1084 464 1226 504 Deam
1268 463 1630 515 omnipotentem,
1681 460 1832 501 mandi
1882 461 2164 510 conditorem,

517 550 562 585 et
572 545 719 598 filiam
738 542 831 596 ejus
851 543 997 583 Jesum
1015 542 1246 588 Christum,
1277 545 1429 580 natum
1458 553 1512 579 ea·
1532 541 1705 594 virgine
1719 540 1882 586 Maria,
1916 541 2167 594 crucifixam

517 623 594 664 suh
625 623 782 663 Pontio
815 621 986 669 Pilato,
1024 621 1160 660 tertia
1189 620 1259 659 die
1291 620 1602 660 resuscitatam
1634 632 1661 659 a
1691 619 1899 666 mortuis,
1944 623 2168 673 receptum

517 703 565 743 in
594 702 737 748 coelis,
769 698 991 739 sedentem
1019 712 1136 740 mmo
1166 698 1226 739 ad
1254 698 1482 738 dexteram
1507 699 1676 752 patris,
1711 702 1942 739 ventarum
1964 697 2169 752 judicare

519 783 640 822 vivos
670 783 715 820 et
745 782 939 819 mortuos
963 792 1047 833 per
1075 779 1223 818 carnis
1255 778 1389 817 etiam
1421 778 1803 817 resurrectionem.

429 859 596 900 Hancce
639 857 806 908 quidem
845 858 1030 909 regulam
1070 856 1194 904 fidei,
1246 856 1346 895 licet
1391 856 1436 895 in
1473 867 1521 895 ea
1565 855 1714 895 omissa
1754 855 1836 895 sint
1885 855 2074 909 dogmata
2119 854 2172 895 de

248 940 406 995 Spiritu
433 938 603 984 Sancto,
639 934 691 973 de
721 934 919 982 ecclesia,
968 935 1102 985 deque
1144 935 1226 974 vita
1269 938 1444 982 aeterna,
1489 947 1580 985 quae
1611 933 1852 987 Symbolum
1890 934 2174 987 Apostolicum

252 1018 461 1066 continet,
505 1018 548 1055 et
581 1025 672 1065 quae
703 1013 791 1052 sine
828 1011 953 1052 dubio
980 1012 1135 1051 ultimis
1166 1012 1301 1051 verbis
1331 1025 1354 1051 a
1388 1011 1641 1052 Tertulliano
1674 1014 1785 1053 haud
1818 1013 2001 1065 allegatis
2037 1011 2175 1052 addita

247 1098 396 1147 fuere,
437 1096 656 1151 publicam
693 1092 817 1133 credo
857 1103 949 1130 cum
978 1089 1189 1140 Walchio,
1235 1091 1336 1143 ipsis
1371 1089 1617 1133 Tertulliani
1645 1092 1802 1140 verbis,
1845 1091 1957 1142 quod
1984 1092 2038 1131 sit
2067 1105 2172 1138 una,

249 1179 377 1225 sola,
424 1174 680 1221 immobilis,
724 1178 767 1213 et
807 1171 1166 1224 irreformabilis,
1210 1170 1362 1219 nixus3
1413 1169 1596 1222 quamvis
1630 1169 1736 1208 bene
1776 1170 1924 1219 sciam,
1963 1170 2174 1210 Tellerum

248 1257 292 1297 in
313 1255 480 1308 privatis
509 1265 723 1294 numerare
734 1254 772 1300 4,
807 1250 900 1303 quia
925 1249 1201 1290 Tertullianus
1230 1251 1314 1290 suis
1345 1249 1481 1289 verbis
1511 1249 1703 1302 primaria
1731 1249 2011 1289 tantummodo
2041 1250 2173 1303 capita

249 1347 328 1389 per
357 1333 646 1386 compendium
675 1331 874 1370 exhibere
901 1329 1008 1367 velle
1043 1328 1242 1368 videatur.
1308 1327 1392 1367 Sed
1425 1328 1503 1367 etsi
1530 1327 1716 1368 fortassis
1747 1329 1904 1381 singula
1944 1329 2074 1381 capita
2102 1341 2176 1382 per

251 1411 538 1465 compendium
571 1423 772 1463 expressa,
813 1414 855 1449 et
883 1407 1063 1448 clausula
1094 1408 1242 1447 omissa
1271 1407 1420 1458 fuerit,
1458 1410 1544 1448 tota
1574 1411 1711 1447 tamen
1738 1408 1861 1460 hujus
1895 1408 1993 1448 fidei
2023 1407 2177 1460 reguloe

249 1491 411 1533 indoles
456 1503 598 1530 canam
641 1490 922 1541 antiquitatem
965 1488 1115 1541 spirat,
1163 1500 1256 1527 cum
1288 1486 1510 1541 Symbolo,
1535 1476 1664 1538 lquod
1695 1486 1976 1539 Apostolicum
2014 1487 2177 1535 dicitur,

251 1570 417 1624 egregie
450 1569 681 1617 consentit,
727 1571 769 1607 et
797 1568 923 1621 longe
951 1567 1116 1607 brevior
1145 1571 1207 1607 est
1239 1567 1328 1608 aliis
1361 1566 1515 1606 duabus
1555 1577 1653 1618 quas
1691 1566 1859 1606 exhibet
1900 1567 2005 1606 libro
2037 1569 2179 1607 contra

250 1649 369 1689 Prax.
402 1660 438 1688 c.
465 1647 505 1686 2.
539 1650 581 1687 et
610 1647 661 1686 de
690 1646 862 1686 Praescr.
893 1659 928 1686 c.
956 1646 1023 1686 13.
1056 1647 1201 1699 exigua
1236 1645 1463 1699 fragmenta
1495 1644 1614 1697 Apol.
1645 1657 1680 1685 c.
1706 1645 1772 1685 18.
1805 1649 1847 1685 et
1869 1644 2019 1685 Praesc.
2049 1658 2085 1686 c.
2108 1645 2176 1687 36.

252 1731 408 1770 servata
437 1731 484 1767 ut
506 1727 625 1779 plane
659 1726 878 1765 mittamus.
933 1724 1095 1778 Regula
1123 1724 1223 1764 fidei
1252 1724 1358 1777 apud
1392 1724 1639 1776 Cypriaunm
1671 1736 1734 1776 ep.
1763 1723 1857 1778 6905
1889 1724 1941 1764 ad
1968 1724 2178 1779 Magnum,

253 1819 373 1859 quam
393 1805 741 1859 Carthaginiensis
767 1805 840 1844 ille
869 1804 1020 1856 praesul
1050 1805 1166 1844 testis
1195 1807 1259 1844 est
1286 1804 1521 1852 recitatam,
1561 1803 1626 1843 vel
1655 1804 1791 1856 potius
1817 1805 2107 1856 interrogando
2137 1810 2179 1845 et

252 1884 541 1938 respondendo
573 1884 734 1936 publica
764 1884 1022 1935 professione
1055 1882 1279 1923 exhibitam
1308 1881 1472 1935 fuisses
1502 1881 1599 1921 dum
1627 1881 1851 1933 baptismus
1879 1883 2178 1932 conferebatur,

260 1982 2175 2004 ——ss———u——u—-z——ffl———W

303 2052 322 2080 3
347 2038 560 2085 Binghami
585 2039 692 2086 Orig.
716 2040 779 2074 IV.
805 2039 863 2075 83.
887 2038 944 2074 84.
971 2042 1009 2073 et
1027 2038 1196 2074 Walchii
1329 2038 1452 2083 filium
1467 2038 1659 2079 Christum,
1679 2037 1828 2072 eundem
1838 2038 2003 2082 spiritum
2013 2044 2178 2075 sanctum

352 2109 454 2144 Bibl.
484 2108 707 2153 Symbolica
734 2121 770 2153 p.
791 2108 825 2142 7.
849 2120 952 2153 sequ.
977 2108 1046 2142 ubi
1069 2108 1197 2143 omnia.
1340 2134 1482 2144 .......
1508 2108 1602 2142 sciat
1628 2131 1747 2142 ......
1767 2108 1924 2152 primum
1940 2134 1953 2150 ,
1999 2120 2070 2143 non
2105 2120 2179 2145 csse

351 2178 549 2224 Symbola,
585 2190 666 2223 quae
690 2178 952 2213 Tertullianus
978 2178 1115 2221 habet,
1140 2178 1196 2213 le·
1338 2189 1449 2212 unam
1477 2178 1576 2212 nobis
1615 2181 1651 2212 et
1681 2177 1919 2213 schismaticis
1950 2178 2098 2223 symboli
2128 2180 2178 2215 le-

353 2252 510 2295 guntur.
1177 2232 1208 2244 y
1339 2259 1424 2294 gem
1441 2274 1454 2290 ,
1501 2259 1614 2293 neque
1657 2248 1808 2283 eandem
1845 2248 2178 2294 interrog-ationem.

306 2329 325 2357 4
348 2317 523 2353 HistorIa
541 2316 842 2363 fideinogmatis
861 2318 907 2353 de
919 2317 1198 2354 resurrectione
1340 2318 1439 2352 Nam
1466 2329 1572 2362 quum
1603 2318 1752 2351 dicunt.-
1796 2318 1911 2352 credis
1941 2319 2180 2355 remissionem

353 2401 390 2433 p.
405 2387 485 2422 138.
1335 2392 1567 2433 peccatorum
1587 2391 1623 2421 et
1634 2388 1745 2421 vitam
1758 2392 1929 2422 oeternam
1936 2399 2004 2432 per
2014 2394 2179 2424 sanctam

309 2470 326 2499 5
351 2463 518 2500 Walchii
552 2463 654 2497 Bibl.
679 2463 902 2508 Symbolica
932 2475 968 2509 p.
987 2463 1044 2499 13.
1341 2456 1558 2493 ecclesiam?
1582 2458 1804 2491 mentiuntur
1823 2458 1860 2491 in
1879 2457 2178 2505 interrogatione,

311 2560 327 2589 6
356 2549 457 2594 Quod
477 2548 511 2583 Sl·
535 2549 665 2594 aliquis
695 2547 789 2582 illud
822 2549 990 2593 opponit,
1027 2554 1069 2584 ut
1100 2549 1200 2587 dicat
1341 2527 1485 2573 quando
1514 2538 1583 2561 non
1611 2526 1745 2561 habent
1767 2528 1966 2562 ecelesiam.
2000 2529 2058 2563 ed.
2079 2528 2179 2564 Felli

357 2620 508 2656 eandem
533 2618 759 2653 Novatz'anos
794 2619 912 2664 legem
950 2623 1071 2655 tenere
1086 2637 1100 2655 ⁴.
1125 2646 1133 2655 .
1158 2647 1167 2656 .
1188 2646 1198 2656 .
1340 2608 1377 2642 Ρ·
1408 2596 1488 2632 183⁸
1536 2596 1622 2641 Ipsa
1656 2597 1917 2643 interwgatio’
1953 2596 2076 2642 inqust
2102 2598 2178 2634 alio

357 2691 477 2725 eodem
499 2689 674 2733 symbolo,
694 2677 777 2734 'quo
809 2693 845 2722 et
867 2700 953 2730 nos,
987 2689 1198 2734 baptizares
1338 2665 1436 2709 Μεθ’
1461 2678 1538 2712 quae
1553 2668 1605 2711 fit
1634 2666 1671 2701 in
1698 2667 1886 2713 baptism&
1910 2667 2013 2702 testis
2039 2672 2091 2703 est
2118 2680 2177 2704 νβ’

360 2759 510 2794 fflmdem
549 2770 650 2793 nosse
681 2761 796 2794 Deum
827 2762 1004 2803 Patrem,
1049 2760 1200 2795 eundem
1341 2740 1495 2772 utatis:
1538 2748 1624 2772 nam
1657 2749 1736 2772 cum
1766 2738 1946 2772 dzczmus=
1987 2737 2109 2773 Credzs
2140 2740 2178 2772 in
