2341 3340
1098 130 1169 175 97

166 270 373 312 Christum
413 284 459 312 ac
491 269 725 310 Adonidem
762 267 839 308 sibi
874 267 1166 325 persuaderent
1186 274 1205 305 :¹
1248 279 1330 318 quo
1370 268 1497 306 semel
1541 281 1680 308 errore
1718 270 1889 319 imbuti,
1928 275 2080 313 naturae

164 350 303 399 Deam,
344 363 529 403 magnam
552 348 678 388 veluti
707 350 899 393 matrem,
931 358 1006 397 pro
1035 344 1247 392 Adonidis,
1282 349 1480 396 quatenus
1515 351 1601 383 erat
1625 345 1717 394 Sol,
1757 354 1884 387 matre
1911 350 2077 400 habere,

163 433 206 469 et
247 442 340 468 cum
379 429 510 469 Maria
547 419 787 480 χριςοτόκῳ
830 423 1110 472 confundere,
1150 427 1272 474 atque
1314 423 1418 462 hanc
1457 423 1530 461 sub
1567 423 1676 462 illius
1718 427 1854 475 specie
1907 428 2076 470 adorare

162 511 380 560 potuerunt
411 517 526 556 aeque
562 516 609 543 ac
642 502 928 554 collyridia'nae
959 503 1063 549 illae,
1096 506 1215 553 atque
1247 501 1469 540 Christiani
1505 502 1613 540 inter
1638 502 1810 550 Arabes,
1851 503 1902 542 de
1933 507 2075 555 quibus

162 584 352 625 Saraceni
383 582 567 630 tradunt,
608 593 679 620 eos
711 581 750 620 b.
782 580 991 634 Virginem
1023 581 1198 618 numinis
1229 581 1356 619 instar
1384 579 1574 619 habuisse
1612 584 1653 618 et
1683 581 1857 619 coluisse
1872 580 1919 620 1⁹.
1982 582 2073 624 Hoc

160 663 324 714 quidem
362 662 555 701 ariadneo
583 660 711 700 veluti
744 659 816 698 filo
846 671 895 698 ex
932 659 1020 697 istis
1051 659 1231 697 tenebris
1269 670 1458 697 evasuros
1491 670 1564 696 nos
1598 670 1689 696 esse
1725 658 1924 707 arbitror,
1963 661 2072 702 salvo

157 746 291 781 tamen
329 741 558 794 doctiorum
586 737 747 792 judicio
761 737 802 777 2!'
848 737 903 776 At
939 749 1034 776 vero
1079 738 1331 789 plebeculam
1368 737 1597 775 istiusmodi
1635 737 1978 788 comparationum
2020 751 2071 781 ex

158 819 325 871 mystica
336 818 591 871 Paganorum
607 817 815 868 theologia
843 815 1075 854 haustarum
1103 815 1225 855 haud.
1241 816 1368 854 fuisse
1395 827 1596 866 capacem,
1628 815 1769 853 harum
1793 827 1927 853 rerum
1951 817 2071 867 periti

158 896 276 937 facile
299 897 401 937 mihi
430 897 665 947 largientur.
724 895 866 946 ltaque
890 895 947 934 nil
974 895 1146 942 mirum,
1181 895 1215 932 si
1239 893 1466 933 Salvianum
1500 893 1553 931 de
1569 895 1781 946 Afrorum
1813 900 1856 933 ec
1886 896 2071 935 maxime

157 976 512 1017 nobilissimorum
536 977 632 1030 fide
662 971 899 1026 loquentem
927 973 1147 1012 audiamus.
1192 973 1247 1012 Hi
1275 973 1396 1019 enim,
1424 969 1558 1023 spreta
1586 972 1741 1023 vulgari
1770 972 2069 1023 superstitione,

155 1055 363 1106 mysticam
394 1054 644 1102 adamabant,
680 1052 874 1104 Isidique,
915 1065 1005 1104 quae
1037 1056 1124 1091 erat
1153 1051 1329 1100 Astarte,
1360 1054 1404 1089 ut
1428 1050 1569 1089 Arrius
1591 1050 1739 1088 Balbus
1766 1050 1807 1088 111
1836 1050 1968 1101 lapide
1997 1051 2067 1091 1110

153 1131 371 1184 Capuano:
425 1145 514 1172 ’11111
548 1145 661 1180 qVAE
699 1145 749 1172 Es
791 1144 930 1171 omnm
960 1143 1043 1169 ΒΕΑ
1079 1142 1164 1169 1515
1182 1128 1235 1178 ²⁰,
1283 1134 1375 1169 vota
1411 1128 1704 1180 nuncupabant.
1768 1129 1902 1178 Quare
1945 1129 2067 1168 etiam

151 1209 312 1250 Astarte
353 1225 374 1254 a
412 1212 572 1264 Cypriis
611 1206 798 1265 ἐλεήμων
815 1211 873 1259 ²1,
918 1214 1038 1261 atque
1075 1209 1148 1247 Isis
1189 1209 1238 1246 ab
1280 1206 1482 1258 AEgyptiis
1517 1205 1685 1253 iti—113,
1724 1206 1766 1243 h.
1790 1219 1825 1243 e.
1857 1198 2064 1273 Πάζῐλ

150 1300 186 1328 v.
219 1287 437 1338 ΠΔΗΤ,
496 1291 605 1341 quod
650 1291 760 1329 idem
798 1292 914 1328 sonat
930 1287 989 1335 ²2,
1015 1318 1018 1321 .
1041 1285 1300 1324 salutabatur.
1371 1284 1427 1322 Et
1463 1282 1515 1320 de
1554 1281 1772 1330 Senatore,
1818 1285 1887 1333 qui
1931 1284 2065 1323 fuerat

150 1367 325 1416 Consul,
366 1373 407 1407 et
445 1384 467 1408 a
501 1369 653 1407 Christi
682 1367 881 1420 religione
915 1365 977 1405 ad,
998 1366 1152 1406 ,cultum
1183 1364 1365 1403 Astartes
1395 1361 1626 1409 defecerat,
1669 1362 1864 1401 habemus
1901 1374 2065 1402 carmen

148 1449 322 1488 auctoris
350 1452 461 1487 certe
490 1447 686 1495 Africani,
717 1434 817 1485 licet
847 1456 979 1494 neque
996 1443 1248 1482 Tertulliano
1272 1453 1404 1493 neque
1430 1440 1632 1493 Cypriano
1665 1442 1718 1480 sit
1747 1440 2061 1480 attribuendum.

149 1525 231 1566 Sed
272 1539 382 1566 cauce
423 1526 671 1577 antiquitatis
719 1524 962 1564 Christianae
1002 1526 1185 1573 tempora
1222 1522 1437 1568 redolere,
1491 1532 1541 1559 eo
1579 1520 1785 1559 lubentius
1827 1519 1928 1558 mihi
1966 1531 2060 1572 perf

148 1604 319 1654 suadeo,
360 1617 482 1655 quum
512 1606 555 1644 in
587 1617 637 1643 eo
669 1604 773 1644 nihil
801 1604 989 1643 occurrat
1024 1601 1133 1653 quod
1168 1600 1349 1648 indicet,
1391 1599 1502 1638 hunc
1536 1598 1745 1638 hominem
1776 1596 2060 1650 persecutione

152 1684 203 1725 ad
250 1684 520 1724 deserendum
558 1682 767 1722 Christum
811 1682 1063 1733 compulsum
1108 1679 1262 1717 fuisse:
1311 1676 1421 1716 unde
1458 1677 1610 1728 pacatis
1649 1689 1742 1715 eum
1785 1664 2059 1728 temporibus,

147 1763 279 1814 qualia
315 1764 381 1801 vel
413 1766 506 1801 ante
535 1760 830 1799 Tertullianum
861 1760 925 1798 vel
955 1759 1063 1797 inter
1096 1757 1218 1809 hujus
1259 1738 1379 1805 atque
1410 1753 1602 1806 Cypriani
1631 1757 1791 1794 aetatem
1819 1752 1958 1802 fuere,
2004 1735 2062 1794 ad·

145 1841 284 1882 altaria
319 1840 417 1880 Deae
451 1837 651 1877 eoelestis
684 1834 833 1876 iterum
867 1834 1082 1874 deflexisse
1114 1834 1301 1886 conjicio.

324 1917 384 1970 Ita
413 1930 510 1957 vero
544 1915 690 1968 incipit
726 1926 909 1955 carmen:
943 1918 963 1969 'k
1040 1903 1042 1906 ⁵
1278 1912 1281 1914 ’

411 1998 549 2048 Quum
580 2001 624 2036 te
653 1994 836 2054 diversis
867 1989 1027 2034 iterum
1054 1994 1272 2047 variisque
1301 1991 1491 2032 viderem

408 2075 632 2115 [mervir'e
662 2075 825 2120 sacrz'S,
863 2070 1092 2127 priscoque
1123 2084 1274 2111 errore
1306 2071 1451 2111 teneri
1456 2084 1472 2116 ,-

411 2153 627 2207 Obstupui
653 2142 863 2192 monitus.-
903 2138 1001 2204 qzci‘a
1028 2151 1224 2190 carmina
1258 2161 1427 2202 semper
1458 2148 1632 2194 amasti,

409 2233 612 2283 Carmine
644 2229 912 2285 respondens
945 2229 1185 2283 properavi
1214 2227 1399 2267 scribere
1436 2239 1616 2272 venenu

150 2321 2043 2340 ΜΨ

171 2387 203 2414 19
227 2384 389 2421 Miscell.
406 2384 631 2420 Hafniensia
656 2364 685 2420 1.
704 2385 729 2420 1.
758 2396 794 2430 11.
815 2383 896 2419 160.
967 2384 970 2385 ’
1146 2382 1182 2412 ²2
1205 2383 1265 2417 Ita
1282 2380 1428 2427 legitur
1448 2380 1529 2414 haec
1546 2390 1619 2414 vox
1638 2379 1677 2413 111
1694 2377 1878 2413 Ρ531131·1ο
1894 2375 2048 2421 Coptico

196 2477 199 2480 -
891 2467 896 2474 ·
940 2449 943 2452 ’
1210 2451 1349 2486 Psalm.
1368 2450 1552 2485 LXXXV.
1575 2448 1630 2483 15.
1669 2448 1779 2482 Lucae
1813 2447 1875 2481 VI.
1904 2445 1977 2488 36„
2011 2449 2049 2480 et

167 2501 201 2532 ²⁰
226 2500 409 2548 Religion
439 2499 507 2534 der
535 2498 749 2547 Karthager
773 2511 809 2545 P·
833 2497 889 2534 67⁸
971 2552 974 2553 γ
1212 2521 1345 2565 saepius
1368 2520 1407 2555 in
1426 2519 1598 2554 versione
1609 2518 1847 2552 psalmorum
1873 2518 1909 2550 et
1930 2515 1973 2549 N.
1999 2514 2061 2548 T..

1205 2589 1467 2634 Memphitica.
1493 2588 1624 2622 Versio
1637 2586 1817 2622 Sabidica
1836 2596 1932 2628 eam,
1953 2593 2043 2629 qua-

166 2601 199 2649 al
224 2614 441 2663 Hesychius
471 2627 499 2652 s.
525 2626 562 2652 v.

1206 2662 1316 2694 tenus
1340 2657 1518 2701 innotuit,
1542 2657 1653 2703 plane
1676 2655 1836 2701 ignorat.

303 2777 467 2815 Miinterz·
491 2776 695 2814 Primordz’a
720 2775 887 2812 Ecclesioe
910 2776 1105 2821 Africanoe.
1728 2767 1774 2804 13
