2341 3340
1171 116 1272 164 176

254 261 504 306 christianas
521 263 706 304 saevitum
725 263 867 313 fuisse,
894 261 1020 303 fidem
1044 263 1144 303 facit
1161 262 1388 315 Cyprianus
1411 260 1463 301 de
1485 261 1732 302 mortalitate
1754 274 1793 314 p.
1808 260 1910 300 162:
1944 262 2182 304 Excedunt

253 357 347 384 ecce
372 340 431 383 'in
457 357 571 399 pace
608 350 722 385 tatae
749 345 795 383 in
825 345 972 397 gloria
1006 358 1086 384 sua
1128 344 1346 396 virgines,
1395 343 1614 384 venientis
1650 342 1918 382 Antichristi
1955 343 2098 382 minas
2139 347 2183 382 et

255 425 504 478 coruptelas
543 431 588 465 et
623 426 861 478 lupanaria
895 438 984 464 non
1022 425 1238 464 timentes.

433 501 474 542 5.
537 503 676 554 Itaque
696 503 739 543 in
756 503 1008 543 Christianos
1038 515 1112 555 per
1138 502 1414 554 speculatores
1439 505 1483 541 et
1506 501 1710 542 delatores
1737 498 2035 553 invigilatumffl
2059 500 2183 552 inque

254 594 326 622 eos
365 583 605 634 inquisitum
644 587 687 622 et
724 584 910 623 saevitum
950 587 1012 622 est
1049 583 1097 622 ab
1136 595 1241 621 anno
1285 581 1383 621 inde
1421 581 1516 621 197.
1565 595 1646 635 qno
1685 582 1963 622 Tertullianus
2004 580 2185 619 nondum

254 662 470 714 presbyter
489 662 523 690 ¹9
561 663 809 717 Carthagine
823 662 860 690 2⁰
902 663 1051 703 librum
1094 663 1144 702 ad
1184 665 1384 714 martyres
1423 661 1604 711 edidit,
1637 675 1737 714 quos
1768 663 1928 715 felices
1973 659 2185 712 praedicat,

255 744 450 795 quamvis
482 743 528 783 in
562 745 737 784 vincula
774 735 1019 798 conjectos,
1061 743 1290 795 quibusque
1321 745 1458 795 potest
1488 742 1713 781 rationibus
1748 742 1963 788 hortatur,
2006 743 2092 778 tum
2132 737 2185 777 ad

255 821 518 861 concordiam
553 823 801 870 ineundam.
847 837 942 862 nam
981 823 1074 863 lites
1113 823 1223 862 inter
1267 834 1337 861 eos
1374 825 1610 861 exarserant
1629 819 1687 870 ²¹,

1734 824 1822 860 tum
1858 819 1908 858 ad
1952 821 2187 858 constanter

256 900 501 951 perferenda
552 913 644 951 quae
677 901 764 953 jam
807 903 1121 953 perpetiantur,
1176 906 1297 952 atque
1339 902 1382 940 in
1430 905 1639 952 posterum
1690 900 1925 953 perpessuri
1975 899 2069 938 sint.
2139 897 2186 938 In

255 991 463 1018 carcerem
509 980 719 1034 conjectos
760 980 1008 1020 benedictos
1045 987 1265 1033 martyres
1307 980 1562 1033 designatos
1603 981 1749 1020 salutat
1762 979 1825 1029 22,

278 1135 313 1164 13
337 1138 422 1171 Hoc
433 1139 596 1182 probant
606 1137 725 1172 verba
735 1137 972 1172 Tertulliani
986 1136 1023 1172 in
1036 1137 1196 1184 Apolog.

334 1220 381 1243 ⁷0.
403 1208 436 1244 8.
489 1210 656 1253 Quotidie
674 1209 894 1255 obsidemur,
929 1209 1086 1253 quotidie
1108 1221 1197 1254 pro-

351 1280 501 1322 dimna,-
546 1281 584 1314 in
614 1281 701 1325 ipsis
735 1281 932 1326 plurimum
973 1280 1129 1314 coetibus
1163 1284 1199 1315 et

351 1352 700 1396 congregationibus
767 1351 900 1384 nostris
954 1351 1196 1396 opprimimur.

350 1421 454 1457 Hine
484 1422 729 1468 colligimus,
767 1422 806 1456 in
833 1421 932 1466 ipsos
960 1421 1199 1457 Christiano-

352 1504 440 1527 rum
463 1497 591 1527 coetus
620 1491 802 1535 (forsitan
831 1493 1093 1538 antelucanos)
1127 1492 1200 1525 im-

351 1565 484 1608 petum
503 1563 647 1597 factum
664 1562 795 1597 fuisso.
814 1582 862 1588 —-
879 1563 1034 1597 Similia
1053 1563 1200 1597 haben-

352 1635 418 1668 tur
445 1632 487 1667 L.
509 1633 540 1667 1.
565 1634 613 1668 ad
638 1633 817 1668 Nationes
845 1646 877 1668 c.
894 1634 928 1669 7.

285 1726 319 1755 19
343 1727 435 1764 Post
468 1728 571 1763 hunc
598 1728 747 1763 librum
782 1728 988 1774 scriptum,
1024 1731 1068 1763 ut
1095 1727 1202 1763 Mor-

354 1801 473 1835 cellus
494 1799 630 1834 statuit
655 1799 705 1834 II.
723 1811 758 1844 p.
771 1799 828 1834 48.
852 1800 1055 1844 presbyter
1075 1800 1201 1834 sactus

354 1874 422 1906 est.
468 1871 645 1905 Nondum
666 1869 768 1904 enim
783 1870 1051 1914 presbyterum
1070 1869 1202 1913 fuisse,

355 1941 512 1985 conjicit
531 1953 551 1974 e
570 1939 699 1974 verbis
718 1938 954 1974 Tertulliani
979 1940 1027 1974 ad
1041 1943 1201 1985 martyr.

359 2025 389 2049 c.
409 2013 442 2048 1.
493 2013 573 2047 Noc
598 2015 727 2045 tantus
756 2022 825 2057 ego
852 2022 943 2052 sum,
975 2014 1016 2045 ut
1040 2022 1100 2044 vos
1133 2010 1202 2044 ad·-

356 2085 504 2129 ΙοιῙιιαν,
531 2086 768 2117 veruntamen
796 2086 832 2116 et
858 2082 1090 2127 gladiatores
1115 2092 1202 2126 per-

352 2154 571 2199 fectissimos
594 2164 665 2186 non
686 2157 830 2186 tantum
851 2153 1025 2197 magistri
1045 2157 1080 2186 et
1104 2163 1202 2197 prae-

353 2225 464 2271 positi
481 2225 547 2266 sui,
573 2223 636 2257 secl
658 2223 767 2257 etiam
791 2223 910 2256 idiotae
929 2227 963 2257 et
986 2221 1203 2268 supervacui

357 2297 485 2343 quique
507 2295 753 2329 adhortantur
771 2295 815 2328 de
836 2295 1033 2340 loginquo;
1057 2298 1098 2327 ut
1110 2306 1201 2339 saepe

358 2368 402 2402 de
425 2367 501 2412 ipso
520 2365 653 2411 populo
671 2368 854 2410 suggesta
871 2365 1091 2409 profuerint.

286 2460 323 2488 2⁰
352 2460 586 2506 Carthagine
618 2469 662 2492 eo
694 2461 865 2503 tempore
900 2457 1057 2499 aderat,
1100 2461 1202 2492 certe

359 2544 432 2566 non
466 2531 610 2564 Romae.
668 2527 777 2573 Apol.
817 2527 901 2563 c.7.
950 2529 1122 2563 Morcell.
1153 2529 1203 2563 ΙΙ.

359 2615 394 2648 p.
420 2601 476 2636 45.

288 2687 322 2717 21
360 2688 418 2722 Ad
472 2686 635 2732 Martyr.
687 2699 718 2721 e.
749 2686 784 2721 1.

361 2756 595 2802 (diabolus)
636 2757 672 2790 in
701 2768 776 2792 meo
814 2755 871 2800 (in
907 2756 1077 2800 carcere)
1107 2759 1203 2796 sunt,

842 2687 924 2722 Non
967 2675 1056 2732 ergo
1105 2685 1205 2720 dicat
1280 2735 1282 2738 y

1872 982 1914 1018 et
1947 979 2187 1031 martyrium

1338 1140 1486 1173 tentabo
1506 1140 1585 1173 illos
1605 1140 1734 1173 vilibus
1754 1139 1895 1180 scidiis,
1923 1138 2195 1183 affectionibusf

1341 1215 1409 1245 aut
1447 1211 1543 1246 inter
1581 1222 1619 1244 se
1653 1210 1928 1244 dissensionibus
1949 1199 2093 1248 ...⁷....
2119 1222 2187 1246 nec

1340 1281 1397 1315 illi
1421 1286 1498 1315 tam
1534 1282 1620 1316 bene
1649 1282 1696 1315 sit
1723 1281 1761 1315 in
1793 1293 1909 1326 regno
1940 1293 2017 1324 suo,
2056 1286 2097 1316 ut
2124 1293 2185 1316 vos

1341 1353 1568 1393 committat,
1628 1352 1692 1386 sed
1740 1352 1902 1387 inveniat
1948 1352 2103 1388 munitos
2150 1357 2193 1402 et·

1344 1423 1535 1456 concordia
1585 1427 1778 1456 armatos.-
1827 1423 1913 1467 quia
1946 1434 2025 1467 pax
2062 1426 2186 1457 vestra

1343 1493 1474 1527 bellum
1497 1497 1550 1528 est
1569 1493 1634 1528 illi.
1667 1494 1725 1528 Cf.
1737 1493 1860 1538 Episc.
1874 1492 2043 1528 Lincoln.
2057 1492 2185 1538 p.150.

1271 1623 1309 1654 22
1333 1625 1418 1660 Hoc
1444 1626 1641 1671 epitheton
1667 1619 1867 1669 Benedicti,
1897 1638 1970 1672 quo
1999 1625 2188 1661 Tertulli-

1344 1707 1437 1731 anus
1460 1701 1650 1742 martyres
1670 1697 1839 1746 aliosque
1862 1696 2100 1732 Christianos
2120 1708 2188 1731 εω-

1343 1767 1428 1813 pius
1464 1768 1714 1813 adloquitur,
1749 1768 1974 1803 Holstenius
2016 1768 2188 1802 animad—

1344 1838 1462 1872 vertit
1501 1839 1550 1872 ad
1594 1839 1817 1873 Passionem
1849 1839 1885 1874 S.
1909 1838 1946 1873 S.
1974 1837 2186 1873 Felicitatis

1346 1911 1383 1942 et
1405 1907 1604 1952 Perpetuae
1630 1909 1670 1943 in
1689 1909 1910 1944 Africanam
1939 1908 2187 1943 Latinitatem

1344 1989 1390 2012 ex
1411 1978 1562 2026 syriaco
1586 1984 1652 2014 aut
1671 1980 1824 2014 hehraeo
1846 1979 2008 2023 (rectius
2029 1978 2186 2024 punico)

1344 2060 1518 2084 sermone
1550 2049 1728 2092 fluxisse,
1766 2050 1835 2085 ubi
1861 2058 1939 2096 ’ζωῆς
1967 2049 2071 2082 haud
2100 2060 2186 2082 raro

1343 2122 1563 2164 usurpatur.
1600 2119 1663 2154 Sic
1683 2132 1831 2165 quoque
1850 2120 2057 2154 benedictus
2077 2120 2189 2164 Papa
2244 2162 2247 2169 ,

1349 2191 1572 2236 Cyprianus,
1604 2188 1663 2232 (in
1694 2189 1855 2235 epistola
1889 2190 1991 2224 Cleri
2022 2190 2188 2225 Romani

1343 2260 1445 2296 inter
1487 2260 1671 2306 Cypriani
1702 2260 1767 2304 3),
1804 2262 2012 2296 benedictus
2042 2265 2188 2309 Martyr-

1345 2332 1501 2373 Paulus,
1539 2343 1596 2375 ep.
1627 2331 1683 2366 22.
1742 2332 1791 2365 Et
1819 2332 1856 2366 in
1891 2336 2034 2367 tessera
2063 2333 2187 2369 vitrea

1344 2403 1501 2447 antiqua
1520 2401 1674 2435 Christo
1704 2402 1828 2436 dicata
1851 2403 2014 2449 legitur:
2044 2401 2184 2448 Asnno)

1347 2484 1552 2508 summanr:
1574 2484 1797 2507 creir-unxere
1819 2486 1887 2508 Ρη»,
1908 2485 2032 2507 znsns.
2059 2473 2186 2508 Ciam-

1346 2543 1427 2588 pini
1445 2542 1669 2587 Disquisitio
1701 2544 1747 2577 de
1768 2544 1916 2595 duobus
1933 2545 2185 2579 Emblemati-

1346 2614 1419 2648 bns
1466 2613 1504 2647 in
1540 2613 1701 2647 cimelio
1744 2614 1956 2648 Cardinalis
1997 2615 2186 2660 Carpinei.

1347 2684 1480 2719 Romae
1504 2683 1604 2719 1691.
1636 2695 1668 2728 p.
1693 2682 1748 2718 16.
1775 2687 1812 2717 et
1838 2685 1895 2717 44.
