<?xml version="1.0" encoding="UTF-8"?>
<!DOCTYPE html PUBLIC "-//W3C//DTD XHTML 1.0 Transitional//EN"
    "http://www.w3.org/TR/xhtml1/DTD/xhtml1-transitional.dtd">
<html xmlns="http://www.w3.org/1999/xhtml" xml:lang="en" lang="en">
 <head>
  <title>
</title>
<meta http-equiv="Content-Type" content="text/html;charset=utf-8" />
  <meta name='ocr-system' content='tesseract 3.04.00' />
  <meta name='ocr-capabilities' content='ocr_page ocr_carea ocr_par ocr_line ocrx_word'/>
</head>
<body>
  <div class='ocr_page' id='page_1' title='image "./fredericimnter00mn_0089.png"; bbox 0 0 2341 3340; ppageno 0'>
   <div class='ocr_carea' id='block_1_1' title="bbox 1038 131 1105 177">
    <p class='ocr_par' dir='ltr' id='par_1_1' title="bbox 1038 131 1105 177">
     <span class='ocr_line' id='line_1_1' title="bbox 1038 131 1105 177; baseline -0.015 0"><span class='ocrx_word' id='word_1_1' title='bbox 1038 131 1105 177; x_wconf 67' lang='lat'><strong>‘77</strong></span> 
     </span>
    </p>
   </div>
   <div class='ocr_carea' id='block_1_2' title="bbox 380 264 1763 417">
    <p class='ocr_par' dir='ltr' id='par_1_2' title="bbox 380 264 1763 417">
     <span class='ocr_line' id='line_1_2' title="bbox 820 264 1326 328; baseline 0.014 -7"><span class='ocrx_word' id='word_1_2' title='bbox 820 264 873 321; x_wconf 77' lang='lat' dir='ltr'>O</span> <span class='ocrx_word' id='word_1_3' title='bbox 893 264 950 321; x_wconf 81' lang='lat' dir='ltr'><strong>A</strong></span> <span class='ocrx_word' id='word_1_4' title='bbox 969 266 1042 325; x_wconf 89' lang='lat' dir='ltr'><strong>P.</strong></span> <span class='ocrx_word' id='word_1_5' title='bbox 1120 267 1178 323; x_wconf 87' lang='lat' dir='ltr'>X</span> <span class='ocrx_word' id='word_1_6' title='bbox 1196 267 1230 324; x_wconf 89' lang='lat' dir='ltr'>I</span> <span class='ocrx_word' id='word_1_7' title='bbox 1251 267 1326 328; x_wconf 81' lang='lat' dir='ltr'><strong>V.</strong></span> 
     </span>
     <span class='ocr_line' id='line_1_3' title="bbox 380 360 1763 417; baseline 0.009 -13"><span class='ocrx_word' id='word_1_8' title='bbox 380 360 566 405; x_wconf 68' lang='lat' dir='ltr'><strong>Naxus</strong></span> <span class='ocrx_word' id='word_1_9' title='bbox 622 360 906 403; x_wconf 78' lang='lat' dir='ltr'>ECOLESIAE</span> <span class='ocrx_word' id='word_1_10' title='bbox 950 365 1261 407; x_wconf 58' lang='lat' dir='ltr'><strong>&gt;AFRICANAE</strong></span> <span class='ocrx_word' id='word_1_11' title='bbox 1328 368 1451 411; x_wconf 80' lang='lat' dir='ltr'><strong>cUM</strong></span> <span class='ocrx_word' id='word_1_12' title='bbox 1513 371 1763 417; x_wconf 71' lang='lat' dir='ltr'><strong>emulus.</strong></span> 
     </span>
    </p>
   </div>
   <div class='ocr_carea' id='block_1_3' title="bbox 94 504 2027 2717">
    <p class='ocr_par' dir='ltr' id='par_1_3' title="bbox 95 504 2027 2236">
     <span class='ocr_line' id='line_1_4' title="bbox 115 504 2026 593; baseline 0.009 -19"><span class='ocrx_word' id='word_1_13' title='bbox 115 536 155 575; x_wconf 91' lang='lat'><strong>1.</strong></span> <span class='ocrx_word' id='word_1_14' title='bbox 211 504 308 575; x_wconf 79' lang='lat' dir='ltr'><strong>Ex</strong></span> <span class='ocrx_word' id='word_1_15' title='bbox 338 536 402 583; x_wconf 80' lang='lat' dir='ltr'><strong>iis,</strong></span> <span class='ocrx_word' id='word_1_16' title='bbox 435 548 526 586; x_wconf 80' lang='lat' dir='ltr'><strong>quae</strong></span> <span class='ocrx_word' id='word_1_17' title='bbox 554 548 673 587; x_wconf 90' lang='lat' dir='ltr'><strong>supra</strong></span> <span class='ocrx_word' id='word_1_18' title='bbox 702 537 811 586; x_wconf 77' lang='lat' dir='ltr'><strong>(cAP.</strong></span> <span class='ocrx_word' id='word_1_19' title='bbox 842 536 920 586; x_wconf 82' lang='lat' dir='ltr'>lv.)</span> <span class='ocrx_word' id='word_1_20' title='bbox 950 539 1228 589; x_wconf 79' lang='lat' dir='ltr'>exposuimus,</span> <span class='ocrx_word' id='word_1_21' title='bbox 1266 528 1451 580; x_wconf 82' lang='lat' dir='ltr'><strong>intimum</strong></span> <span class='ocrx_word' id='word_1_22' title='bbox 1481 545 1670 585; x_wconf 75' lang='lat' dir='ltr'><strong>ecclesiae‘</strong></span> <span class='ocrx_word' id='word_1_23' title='bbox 1697 547 1901 589; x_wconf 66' lang='lat' dir='ltr'><strong>Africanae</strong></span> <span class='ocrx_word' id='word_1_24' title='bbox 1936 563 2026 593; x_wconf 88' lang='lat' dir='ltr'><strong>cum</strong></span> 
     </span>
     <span class='ocr_line' id='line_1_5' title="bbox 112 613 2027 674; baseline 0.008 -20"><span class='ocrx_word' id='word_1_25' title='bbox 112 613 295 654; x_wconf 90' lang='lat' dir='ltr'><strong>Romana</strong></span> <span class='ocrx_word' id='word_1_26' title='bbox 319 614 600 653; x_wconf 79' lang='lat' dir='ltr'><strong>intercessisse</strong></span> <span class='ocrx_word' id='word_1_27' title='bbox 629 627 789 662; x_wconf 88' lang='lat' dir='ltr'><strong>nexum,</strong></span> <span class='ocrx_word' id='word_1_28' title='bbox 823 615 931 654; x_wconf 89' lang='lat' dir='ltr'><strong>omni</strong></span> <span class='ocrx_word' id='word_1_29' title='bbox 960 620 1095 656; x_wconf 90' lang='lat' dir='ltr'><strong>tamen</strong></span> <span class='ocrx_word' id='word_1_30' title='bbox 1125 618 1319 669; x_wconf 85' lang='lat' dir='ltr'><strong>obsequio</strong></span> <span class='ocrx_word' id='word_1_31' title='bbox 1349 632 1445 672; x_wconf 86' lang='lat' dir='ltr'><strong>erga</strong></span> <span class='ocrx_word' id='word_1_32' title='bbox 1474 621 1578 660; x_wconf 85' lang='lat' dir='ltr'><strong>hane</strong></span> <span class='ocrx_word' id='word_1_33' title='bbox 1597 629 1769 674; x_wconf 81' lang='lat' dir='ltr'><strong>remoto,</strong></span> <span class='ocrx_word' id='word_1_34' title='bbox 1797 628 2027 670; x_wconf 82' lang='lat' dir='ltr'>luculenter</span> 
     </span>
     <span class='ocr_line' id='line_1_6' title="bbox 113 690 2025 749; baseline 0.008 -17"><span class='ocrx_word' id='word_1_35' title='bbox 113 695 288 744; x_wconf 84' lang='lat' dir='ltr'><strong>apparet.</strong></span> <span class='ocrx_word' id='word_1_36' title='bbox 373 690 461 730; x_wconf 91' lang='lat' dir='ltr'><strong>Nec</strong></span> <span class='ocrx_word' id='word_1_37' title='bbox 504 706 601 731; x_wconf 79' lang='lat' dir='ltr'><strong>vero</strong></span> <span class='ocrx_word' id='word_1_38' title='bbox 660 706 751 731; x_wconf 91' lang='lat' dir='ltr'><strong>cum</strong></span> <span class='ocrx_word' id='word_1_39' title='bbox 798 706 846 732; x_wconf 85' lang='lat' dir='ltr'><strong>ea</strong></span> <span class='ocrx_word' id='word_1_40' title='bbox 894 696 1173 735; x_wconf 87' lang='lat' dir='ltr'><strong>tantummodo</strong></span> <span class='ocrx_word' id='word_1_41' title='bbox 1222 700 1342 748; x_wconf 87' lang='lat' dir='ltr'><strong>atque</strong></span> <span class='ocrx_word' id='word_1_42' title='bbox 1390 699 1577 739; x_wconf 87' lang='lat' dir='ltr'><strong>universa</strong></span> <span class='ocrx_word' id='word_1_43' title='bbox 1619 701 1761 741; x_wconf 83' lang='lat' dir='ltr'><strong>Italica</strong></span> <span class='ocrx_word' id='word_1_44' title='bbox 1807 709 1849 744; x_wconf 88' lang='lat' dir='ltr'><strong>et</strong></span> <span class='ocrx_word' id='word_1_45' title='bbox 1890 707 2025 749; x_wconf 82' lang='lat' dir='ltr'><strong>Sicula</strong></span> 
     </span>
     <span class='ocr_line' id='line_1_7' title="bbox 109 770 2027 829; baseline 0.008 -20"><span class='ocrx_word' id='word_1_46' title='bbox 109 770 375 810; x_wconf 82' lang='lat' dir='ltr'><strong>fraternitatis</strong></span> <span class='ocrx_word' id='word_1_47' title='bbox 406 771 554 810; x_wconf 88' lang='lat' dir='ltr'><strong>foedus</strong></span> <span class='ocrx_word' id='word_1_48' title='bbox 581 772 804 823; x_wconf 84' lang='lat' dir='ltr'><strong>pepigisse,</strong></span> <span class='ocrx_word' id='word_1_49' title='bbox 849 772 922 810; x_wconf 88' lang='lat' dir='ltr'><strong>sed</strong></span> <span class='ocrx_word' id='word_1_50' title='bbox 955 786 1047 813; x_wconf 90' lang='lat' dir='ltr'><strong>cum</strong></span> <span class='ocrx_word' id='word_1_51' title='bbox 1077 775 1262 814; x_wconf 90' lang='lat' dir='ltr'><strong>omnibus</strong></span> <span class='ocrx_word' id='word_1_52' title='bbox 1291 776 1510 829; x_wconf 86' lang='lat' dir='ltr'><strong>majoribus</strong></span> <span class='ocrx_word' id='word_1_53' title='bbox 1544 779 1741 828; x_wconf 85' lang='lat' dir='ltr'><strong>ecelesiis,</strong></span> <span class='ocrx_word' id='word_1_54' title='bbox 1787 784 1864 821; x_wconf 87' lang='lat' dir='ltr'><strong>etsi</strong></span> <span class='ocrx_word' id='word_1_55' title='bbox 1893 785 2027 826; x_wconf 80' lang='lat' dir='ltr'><strong>desint</strong></span> 
     </span>
     <span class='ocr_line' id='line_1_8' title="bbox 109 851 2024 902; baseline 0.006 -12"><span class='ocrx_word' id='word_1_56' title='bbox 109 851 342 890; x_wconf 84' lang='lat' dir='ltr'><strong>testimonia</strong></span> <span class='ocrx_word' id='word_1_57' title='bbox 370 863 584 902; x_wconf 86' lang='lat' dir='ltr'><strong>expressa,</strong></span> <span class='ocrx_word' id='word_1_58' title='bbox 632 854 744 888; x_wconf 91' lang='lat' dir='ltr'><strong>certo</strong></span> <span class='ocrx_word' id='word_1_59' title='bbox 783 854 919 889; x_wconf 89' lang='lat' dir='ltr'><strong>tamen</strong></span> <span class='ocrx_word' id='word_1_60' title='bbox 950 853 1100 892; x_wconf 86' lang='lat' dir='ltr'><strong>certius</strong></span> <span class='ocrx_word' id='word_1_61' title='bbox 1134 867 1184 893; x_wconf 86' lang='lat' dir='ltr'><strong>ex</strong></span> <span class='ocrx_word' id='word_1_62' title='bbox 1216 855 1401 893; x_wconf 89' lang='lat' dir='ltr'><strong>omnibus</strong></span> <span class='ocrx_word' id='word_1_63' title='bbox 1432 855 1483 894; x_wconf 87' lang='lat' dir='ltr'><strong>de</strong></span> <span class='ocrx_word' id='word_1_64' title='bbox 1514 859 1733 898; x_wconf 85' lang='lat' dir='ltr'><strong>eoncordia</strong></span> <span class='ocrx_word' id='word_1_65' title='bbox 1763 861 2024 902; x_wconf 82' lang='lat' dir='ltr'><strong>ecclesiarum</strong></span> 
     </span>
     <span class='ocr_line' id='line_1_9' title="bbox 109 928 2026 986; baseline 0.006 -18"><span class='ocrx_word' id='word_1_66' title='bbox 109 928 408 969; x_wconf 88' lang='lat' dir='ltr'><strong>Catholicarum</strong></span> <span class='ocrx_word' id='word_1_67' title='bbox 445 942 519 980; x_wconf 90' lang='lat' dir='ltr'><strong>per</strong></span> <span class='ocrx_word' id='word_1_68' title='bbox 552 931 734 967; x_wconf 88' lang='lat' dir='ltr'><strong>veterem</strong></span> <span class='ocrx_word' id='word_1_69' title='bbox 764 929 906 968; x_wconf 90' lang='lat' dir='ltr'><strong>orbem</strong></span> <span class='ocrx_word' id='word_1_70' title='bbox 941 931 1185 971; x_wconf 85' lang='lat' dir='ltr'><strong>testimoniis</strong></span> <span class='ocrx_word' id='word_1_71' title='bbox 1214 934 1407 986; x_wconf 82' lang='lat' dir='ltr'><strong>colligere</strong></span> <span class='ocrx_word' id='word_1_72' title='bbox 1440 936 1548 975; x_wconf 90' lang='lat' dir='ltr'><strong>licet.</strong></span> <span class='ocrx_word' id='word_1_73' title='bbox 1612 937 1705 976; x_wconf 90' lang='lat' dir='ltr'><strong>Huc</strong></span> <span class='ocrx_word' id='word_1_74' title='bbox 1741 940 1899 979; x_wconf 90' lang='lat' dir='ltr'><strong>accedit</strong></span> <span class='ocrx_word' id='word_1_75' title='bbox 1929 941 2026 981; x_wconf 86' lang='lat' dir='ltr'><strong>Car-</strong></span> 
     </span>
     <span class='ocr_line' id='line_1_10' title="bbox 105 1008 2023 1071; baseline 0.006 -24"><span class='ocrx_word' id='word_1_76' title='bbox 105 1008 279 1060; x_wconf 86' lang='lat' dir='ltr'><strong>thaginis</strong></span> <span class='ocrx_word' id='word_1_77' title='bbox 312 1008 540 1055; x_wconf 73' lang='lat' dir='ltr'><strong>celebritas,</strong></span> <span class='ocrx_word' id='word_1_78' title='bbox 574 1009 829 1055; x_wconf 83' lang='lat' dir='ltr'><strong>commercia,</strong></span> <span class='ocrx_word' id='word_1_79' title='bbox 860 1009 1067 1049; x_wconf 88' lang='lat' dir='ltr'><strong>literarum</strong></span> <span class='ocrx_word' id='word_1_80' title='bbox 1098 1011 1207 1061; x_wconf 87' lang='lat' dir='ltr'><strong>quod</strong></span> <span class='ocrx_word' id='word_1_81' title='bbox 1235 1012 1278 1050; x_wconf 92' lang='lat' dir='ltr'><strong>in</strong></span> <span class='ocrx_word' id='word_1_82' title='bbox 1307 1012 1384 1051; x_wconf 90' lang='lat' dir='ltr'><strong>hac</strong></span> <span class='ocrx_word' id='word_1_83' title='bbox 1416 1015 1632 1066; x_wconf 87' lang='lat' dir='ltr'><strong>metropoli</strong></span> <span class='ocrx_word' id='word_1_84' title='bbox 1663 1016 1802 1056; x_wconf 84' lang='lat' dir='ltr'><strong>floruit</strong></span> <span class='ocrx_word' id='word_1_85' title='bbox 1830 1019 2023 1071; x_wconf 86' lang='lat' dir='ltr'><strong>studium,</strong></span> 
     </span>
     <span class='ocr_line' id='line_1_11' title="bbox 104 1086 2023 1149; baseline 0.007 -24"><span class='ocrx_word' id='word_1_86' title='bbox 104 1086 301 1125; x_wconf 87' lang='lat' dir='ltr'><strong>immensa</strong></span> <span class='ocrx_word' id='word_1_87' title='bbox 328 1086 627 1125; x_wconf 84' lang='lat' dir='ltr'><strong>adventantium</strong></span> <span class='ocrx_word' id='word_1_88' title='bbox 657 1087 862 1138; x_wconf 88' lang='lat' dir='ltr'><strong>hospitum</strong></span> <span class='ocrx_word' id='word_1_89' title='bbox 894 1088 1133 1136; x_wconf 81' lang='lat' dir='ltr'><strong>multitudo3</strong></span> <span class='ocrx_word' id='word_1_90' title='bbox 1170 1090 1314 1139; x_wconf 90' lang='lat' dir='ltr'><strong>quibus</strong></span> <span class='ocrx_word' id='word_1_91' title='bbox 1345 1093 1530 1131; x_wconf 89' lang='lat' dir='ltr'><strong>omnibus</strong></span> <span class='ocrx_word' id='word_1_92' title='bbox 1553 1093 1720 1143; x_wconf 71' lang='lat' dir='ltr'><strong>factum,</strong></span> <span class='ocrx_word' id='word_1_93' title='bbox 1752 1100 1798 1135; x_wconf 83' lang='lat' dir='ltr'><strong>ut</strong></span> <span class='ocrx_word' id='word_1_94' title='bbox 1828 1098 2023 1149; x_wconf 89' lang='lat' dir='ltr'><strong>quidquid</strong></span> 
     </span>
     <span class='ocr_line' id='line_1_12' title="bbox 103 1159 2023 1226; baseline 0.006 -22"><span class='ocrx_word' id='word_1_95' title='bbox 103 1165 212 1204; x_wconf 89' lang='lat' dir='ltr'><strong>inter</strong></span> <span class='ocrx_word' id='word_1_96' title='bbox 250 1164 502 1204; x_wconf 85' lang='lat' dir='ltr'><strong>Christianos</strong></span> <span class='ocrx_word' id='word_1_97' title='bbox 545 1165 629 1203; x_wconf 90' lang='lat' dir='ltr'><strong>sive</strong></span> <span class='ocrx_word' id='word_1_98' title='bbox 677 1164 904 1204; x_wconf 88' lang='lat' dir='ltr'><strong>Orientales</strong></span> <span class='ocrx_word' id='word_1_99' title='bbox 949 1166 1033 1204; x_wconf 87' lang='lat' dir='ltr'><strong>sive</strong></span> <span class='ocrx_word' id='word_1_100' title='bbox 1083 1166 1368 1208; x_wconf 85' lang='lat' dir='ltr'><strong>Occidentales</strong></span> <span class='ocrx_word' id='word_1_101' title='bbox 1417 1159 1607 1222; x_wconf 80' lang='lat' dir='ltr'><strong>ageretur</strong></span> <span class='ocrx_word' id='word_1_102' title='bbox 1651 1174 1732 1211; x_wconf 90' lang='lat' dir='ltr'><strong>cito</strong></span> <span class='ocrx_word' id='word_1_103' title='bbox 1771 1187 1845 1226; x_wconf 87' lang='lat' dir='ltr'><strong>per</strong></span> <span class='ocrx_word' id='word_1_104' title='bbox 1889 1166 2023 1217; x_wconf 87' lang='lat' dir='ltr'><strong>certos</strong></span> 
     </span>
     <span class='ocr_line' id='line_1_13' title="bbox 101 1228 2023 1304; baseline 0.005 -20"><span class='ocrx_word' id='word_1_105' title='bbox 101 1228 273 1285; x_wconf 84' lang='lat' dir='ltr'><strong>nuneios</strong></span> <span class='ocrx_word' id='word_1_106' title='bbox 307 1231 593 1295; x_wconf 79' lang='lat' dir='ltr'><strong>Carthaginem</strong></span> <span class='ocrx_word' id='word_1_107' title='bbox 624 1243 868 1282; x_wconf 83' lang='lat' dir='ltr'><strong>deferretur.</strong></span> <span class='ocrx_word' id='word_1_108' title='bbox 935 1244 1209 1285; x_wconf 84' lang='lat' dir='ltr'><strong>Ter-tullianus</strong></span> <span class='ocrx_word' id='word_1_109' title='bbox 1245 1248 1390 1298; x_wconf 86' lang='lat' dir='ltr'><strong>igitur,</strong></span> <span class='ocrx_word' id='word_1_110' title='bbox 1431 1248 1538 1288; x_wconf 92' lang='lat' dir='ltr'><strong>libro</strong></span> <span class='ocrx_word' id='word_1_111' title='bbox 1570 1250 1621 1288; x_wconf 89' lang='lat' dir='ltr'><strong>de</strong></span> <span class='ocrx_word' id='word_1_112' title='bbox 1649 1253 2023 1304; x_wconf 78' lang='lat' dir='ltr'><strong>praescriptionibus</strong></span> 
     </span>
     <span class='ocr_line' id='line_1_14' title="bbox 103 1320 2022 1385; baseline 0.005 -21"><span class='ocrx_word' id='word_1_113' title='bbox 103 1336 138 1364; x_wconf 87' lang='lat' dir='ltr'><strong>c.</strong></span> <span class='ocrx_word' id='word_1_114' title='bbox 161 1323 243 1371; x_wconf 63' lang='lat'><strong>20„</strong></span> <span class='ocrx_word' id='word_1_115' title='bbox 274 1324 472 1362; x_wconf 88' lang='lat' dir='ltr'><strong>unitatem</strong></span> <span class='ocrx_word' id='word_1_116' title='bbox 495 1323 679 1360; x_wconf 85' lang='lat' dir='ltr'><strong>ecclesiae</strong></span> <span class='ocrx_word' id='word_1_117' title='bbox 703 1321 882 1369; x_wconf 91' lang='lat' dir='ltr'><strong>laudans,</strong></span> <span class='ocrx_word' id='word_1_118' title='bbox 913 1320 1200 1374; x_wconf 86' lang='lat' dir='ltr'><strong>Carthaginem</strong></span> <span class='ocrx_word' id='word_1_119' title='bbox 1228 1325 1396 1365; x_wconf 91' lang='lat' dir='ltr'><strong>minime</strong></span> <span class='ocrx_word' id='word_1_120' title='bbox 1424 1328 1616 1370; x_wconf 85' lang='lat' dir='ltr'><strong>excludit.</strong></span> <span class='ocrx_word' id='word_1_121' title='bbox 1674 1331 1845 1380; x_wconf 79' lang='lat' dir='ltr'><strong>Omnes,</strong></span> <span class='ocrx_word' id='word_1_122' title='bbox 1877 1333 2022 1385; x_wconf 88' lang='lat' dir='ltr'><strong>inquit,</strong></span> 
     </span>
     <span class='ocr_line' id='line_1_15' title="bbox 97 1381 2022 1461; baseline 0.006 -19"><span class='ocrx_word' id='word_1_123' title='bbox 97 1381 305 1458; x_wconf 53' lang='lat' dir='ltr'><strong>probant</strong></span> <span class='ocrx_word' id='word_1_124' title='bbox 329 1387 564 1442; x_wconf 55' lang='lat' dir='ltr'><strong>imitatem.</strong></span> <span class='ocrx_word' id='word_1_125' title='bbox 609 1402 979 1441; x_wconf 71' lang='lat' dir='ltr'><strong>‘communicatio</strong></span> <span class='ocrx_word' id='word_1_126' title='bbox 1024 1404 1180 1456; x_wconf 78' lang='lat' dir='ltr'><strong>pacis,</strong></span> <span class='ocrx_word' id='word_1_127' title='bbox 1227 1410 1272 1444; x_wconf 86' lang='lat' dir='ltr'><strong>et</strong></span> <span class='ocrx_word' id='word_1_128' title='bbox 1313 1408 1552 1460; x_wconf 76' lang='lat' dir='ltr'><strong>appellatio</strong></span> <span class='ocrx_word' id='word_1_129' title='bbox 1580 1410 1896 1461; x_wconf 72' lang='lat' dir='ltr'><strong>fraternitatis</strong></span> <span class='ocrx_word' id='word_1_130' title='bbox 1919 1441 1931 1460; x_wconf 89' lang='lat'>‚</span> <span class='ocrx_word' id='word_1_131' title='bbox 1978 1420 2022 1454; x_wconf 82' lang='lat' dir='ltr'><strong>et</strong></span> 
     </span>
     <span class='ocr_line' id='line_1_16' title="bbox 102 1480 2021 1542; baseline 0.005 -21"><span class='ocrx_word' id='word_1_132' title='bbox 102 1482 419 1522; x_wconf 81' lang='lat' dir='ltr'><strong>contesseratio</strong></span> <span class='ocrx_word' id='word_1_133' title='bbox 458 1481 774 1533; x_wconf 76' lang='lat' dir='ltr'><strong>hospitalitatis</strong></span> <span class='ocrx_word' id='word_1_134' title='bbox 793 1495 807 1520; x_wconf 91' lang='lat'><strong>.·</strong></span> <span class='ocrx_word' id='word_1_135' title='bbox 856 1493 953 1533; x_wconf 70' lang='lat' dir='ltr'><strong>quae</strong></span> <span class='ocrx_word' id='word_1_136' title='bbox 976 1480 1085 1533; x_wconf 79' lang='lat' dir='ltr'><strong>jura</strong></span> <span class='ocrx_word' id='word_1_137' title='bbox 1110 1492 1197 1521; x_wconf 80' lang='lat' dir='ltr'><strong>mm</strong></span> <span class='ocrx_word' id='word_1_138' title='bbox 1228 1484 1318 1522; x_wconf 83' lang='lat' dir='ltr'><strong>alia</strong></span> <span class='ocrx_word' id='word_1_139' title='bbox 1349 1486 1464 1524; x_wconf 79' lang='lat' dir='ltr'><strong>ratio</strong></span> <span class='ocrx_word' id='word_1_140' title='bbox 1499 1488 1640 1539; x_wconf 79' lang='lat' dir='ltr'><strong>regit,</strong></span> <span class='ocrx_word' id='word_1_141' title='bbox 1683 1503 1806 1542; x_wconf 80' lang='lat' dir='ltr'><strong>quam</strong></span> <span class='ocrx_word' id='word_1_142' title='bbox 1832 1490 2021 1542; x_wconf 68' lang='lat' dir='ltr'><strong>ejusdem</strong></span> 
     </span>
     <span class='ocr_line' id='line_1_17' title="bbox 100 1557 2020 1611; baseline 0.004 -10"><span class='ocrx_word' id='word_1_143' title='bbox 100 1562 371 1601; x_wconf 83' lang='lat' dir='ltr'><strong>sacramenti</strong></span> <span class='ocrx_word' id='word_1_144' title='bbox 397 1572 485 1598; x_wconf 81' lang='lat' dir='ltr'><strong>mm</strong></span> <span class='ocrx_word' id='word_1_145' title='bbox 520 1559 716 1598; x_wconf 82' lang='lat' dir='ltr'><strong>traditio.</strong></span> <span class='ocrx_word' id='word_1_146' title='bbox 785 1557 941 1596; x_wconf 83' lang='lat' dir='ltr'><strong>Eadem</strong></span> <span class='ocrx_word' id='word_1_147' title='bbox 981 1558 1072 1597; x_wconf 84' lang='lat' dir='ltr'><strong>haec</strong></span> <span class='ocrx_word' id='word_1_148' title='bbox 1100 1572 1225 1611; x_wconf 83' lang='lat' dir='ltr'><strong>porro</strong></span> <span class='ocrx_word' id='word_1_149' title='bbox 1266 1575 1316 1601; x_wconf 84' lang='lat' dir='ltr'><strong>ex</strong></span> <span class='ocrx_word' id='word_1_150' title='bbox 1350 1564 1487 1602; x_wconf 91' lang='lat' dir='ltr'><strong>multis</strong></span> <span class='ocrx_word' id='word_1_151' title='bbox 1517 1564 1605 1604; x_wconf 89' lang='lat' dir='ltr'><strong>aliis</strong></span> <span class='ocrx_word' id='word_1_152' title='bbox 1640 1565 1882 1606; x_wconf 73' lang='lat' dir='ltr'><strong>Tertulliani</strong></span> <span class='ocrx_word' id='word_1_153' title='bbox 1918 1569 2020 1608; x_wconf 83' lang='lat' dir='ltr'><strong>locis</strong></span> 
     </span>
     <span class='ocr_line' id='line_1_18' title="bbox 101 1636 2020 1690; baseline 0.006 -14"><span class='ocrx_word' id='word_1_154' title='bbox 101 1638 275 1677; x_wconf 79' lang='lat' dir='ltr'><strong>elucent,</strong></span> <span class='ocrx_word' id='word_1_155' title='bbox 359 1636 544 1686; x_wconf 85' lang='lat' dir='ltr'><strong>Namque</strong></span> <span class='ocrx_word' id='word_1_156' title='bbox 589 1637 633 1674; x_wconf 92' lang='lat' dir='ltr'><strong>in</strong></span> <span class='ocrx_word' id='word_1_157' title='bbox 673 1637 760 1688; x_wconf 89' lang='lat' dir='ltr'><strong>ejus</strong></span> <span class='ocrx_word' id='word_1_158' title='bbox 800 1637 914 1675; x_wconf 89' lang='lat' dir='ltr'><strong>libris</strong></span> <span class='ocrx_word' id='word_1_159' title='bbox 968 1650 1117 1688; x_wconf 77' lang='lat' dir='ltr'><strong>sparsae</strong></span> <span class='ocrx_word' id='word_1_160' title='bbox 1157 1639 1350 1690; x_wconf 86' lang='lat' dir='ltr'><strong>leguntur</strong></span> <span class='ocrx_word' id='word_1_161' title='bbox 1392 1643 1530 1681; x_wconf 76' lang='lat' dir='ltr'><strong>multae</strong></span> <span class='ocrx_word' id='word_1_162' title='bbox 1569 1645 1725 1683; x_wconf 84' lang='lat' dir='ltr'><strong>notitiae</strong></span> <span class='ocrx_word' id='word_1_163' title='bbox 1773 1646 1826 1685; x_wconf 87' lang='lat' dir='ltr'><strong>de</strong></span> <span class='ocrx_word' id='word_1_164' title='bbox 1869 1648 2020 1688; x_wconf 82' lang='lat' dir='ltr'><strong>exteris</strong></span> 
     </span>
     <span class='ocr_line' id='line_1_19' title="bbox 102 1713 2019 1776; baseline 0.005 -22"><span class='ocrx_word' id='word_1_165' title='bbox 102 1715 310 1761; x_wconf 85' lang='lat' dir='ltr'><strong>ecclesiis,</strong></span> <span class='ocrx_word' id='word_1_166' title='bbox 343 1726 440 1765; x_wconf 88' lang='lat' dir='ltr'><strong>quas</strong></span> <span class='ocrx_word' id='word_1_167' title='bbox 468 1717 604 1752; x_wconf 86' lang='lat' dir='ltr'><strong>tamen</strong></span> <span class='ocrx_word' id='word_1_168' title='bbox 626 1713 737 1752; x_wconf 80' lang='lat' dir='ltr'><strong>haud</strong></span> <span class='ocrx_word' id='word_1_169' title='bbox 765 1725 919 1762; x_wconf 79' lang='lat' dir='ltr'><strong>omneS‚</strong></span> <span class='ocrx_word' id='word_1_170' title='bbox 948 1726 1072 1764; x_wconf 87' lang='lat' dir='ltr'><strong>quum</strong></span> <span class='ocrx_word' id='word_1_171' title='bbox 1099 1715 1244 1755; x_wconf 83' lang='lat' dir='ltr'><strong>Romae</strong></span> <span class='ocrx_word' id='word_1_172' title='bbox 1273 1723 1604 1768; x_wconf 85' lang='lat' dir='ltr'><strong>commoraretur,</strong></span> <span class='ocrx_word' id='word_1_173' title='bbox 1645 1722 1840 1774; x_wconf 82' lang='lat' dir='ltr'><strong>colligere</strong></span> <span class='ocrx_word' id='word_1_174' title='bbox 1871 1726 2019 1776; x_wconf 87' lang='lat' dir='ltr'><strong>potuit.</strong></span> 
     </span>
     <span class='ocr_line' id='line_1_20' title="bbox 100 1792 2017 1854; baseline 0.006 -23"><span class='ocrx_word' id='word_1_175' title='bbox 100 1792 172 1831; x_wconf 88' lang='lat' dir='ltr'><strong>Sui</strong></span> <span class='ocrx_word' id='word_1_176' title='bbox 202 1793 396 1843; x_wconf 89' lang='lat' dir='ltr'><strong>temporis</strong></span> <span class='ocrx_word' id='word_1_177' title='bbox 424 1792 642 1829; x_wconf 76' lang='lat' dir='ltr'><strong>hcereticos</strong></span> <span class='ocrx_word' id='word_1_178' title='bbox 686 1804 761 1841; x_wconf 88' lang='lat' dir='ltr'><strong>per</strong></span> <span class='ocrx_word' id='word_1_179' title='bbox 795 1792 953 1838; x_wconf 90' lang='lat' dir='ltr'><strong>Asiam,</strong></span> <span class='ocrx_word' id='word_1_180' title='bbox 998 1792 1183 1832; x_wconf 85' lang='lat' dir='ltr'><strong>Africam</strong></span> <span class='ocrx_word' id='word_1_181' title='bbox 1216 1798 1258 1832; x_wconf 87' lang='lat' dir='ltr'><strong>et</strong></span> <span class='ocrx_word' id='word_1_182' title='bbox 1295 1796 1501 1847; x_wconf 83' lang='lat' dir='ltr'><strong>Europam</strong></span> <span class='ocrx_word' id='word_1_183' title='bbox 1545 1810 1734 1849; x_wconf 85' lang='lat' dir='ltr'><strong>sparsos,</strong></span> <span class='ocrx_word' id='word_1_184' title='bbox 1781 1802 2017 1854; x_wconf 89' lang='lat' dir='ltr'><strong>ubicunque</strong></span> 
     </span>
     <span class='ocr_line' id='line_1_21' title="bbox 99 1852 2016 1924; baseline 0.005 -14"><span class='ocrx_word' id='word_1_185' title='bbox 99 1874 234 1910; x_wconf 86' lang='lat' dir='ltr'><strong>essent</strong></span> <span class='ocrx_word' id='word_1_186' title='bbox 270 1852 456 1908; x_wconf 84' lang='lat' dir='ltr'><strong>ecclesiae</strong></span> <span class='ocrx_word' id='word_1_187' title='bbox 489 1868 755 1916; x_wconf 67' lang='lat' dir='ltr'><strong>Christianae,</strong></span> <span class='ocrx_word' id='word_1_188' title='bbox 803 1868 987 1919; x_wconf 90' lang='lat' dir='ltr'><strong>inprimis</strong></span> <span class='ocrx_word' id='word_1_189' title='bbox 1030 1872 1091 1907; x_wconf 89' lang='lat' dir='ltr'><strong>tot</strong></span> <span class='ocrx_word' id='word_1_190' title='bbox 1132 1861 1420 1912; x_wconf 75' lang='lat' dir='ltr'><strong>Gnosticorum</strong></span> <span class='ocrx_word' id='word_1_191' title='bbox 1457 1879 1588 1914; x_wconf 89' lang='lat' dir='ltr'><strong>sectas</strong></span> <span class='ocrx_word' id='word_1_192' title='bbox 1609 1904 1621 1924; x_wconf 90' lang='lat'><strong>,</strong></span> <span class='ocrx_word' id='word_1_193' title='bbox 1662 1883 1851 1917; x_wconf 87' lang='lat' dir='ltr'><strong>accurate</strong></span> <span class='ocrx_word' id='word_1_194' title='bbox 1892 1882 2016 1920; x_wconf 88' lang='lat' dir='ltr'><strong>novit.</strong></span> 
     </span>
     <span class='ocr_line' id='line_1_22' title="bbox 96 1946 2016 2007; baseline 0.005 -19"><span class='ocrx_word' id='word_1_195' title='bbox 96 1949 190 1999; x_wconf 82' lang='lat' dir='ltr'><strong>Ipse</strong></span> <span class='ocrx_word' id='word_1_196' title='bbox 216 1948 556 1995; x_wconf 88' lang='lat' dir='ltr'><strong>Montanismum,</strong></span> <span class='ocrx_word' id='word_1_197' title='bbox 600 1948 644 1985; x_wconf 90' lang='lat' dir='ltr'><strong>in</strong></span> <span class='ocrx_word' id='word_1_198' title='bbox 677 1946 857 1999; x_wconf 82' lang='lat' dir='ltr'><strong>Phrygia</strong></span> <span class='ocrx_word' id='word_1_199' title='bbox 890 1949 1046 1995; x_wconf 91' lang='lat' dir='ltr'><strong>ortum,</strong></span> <span class='ocrx_word' id='word_1_200' title='bbox 1085 1948 1185 1987; x_wconf 87' lang='lat' dir='ltr'><strong>inde</strong></span> <span class='ocrx_word' id='word_1_201' title='bbox 1221 1949 1393 1990; x_wconf 86' lang='lat' dir='ltr'><strong>Romam</strong></span> <span class='ocrx_word' id='word_1_202' title='bbox 1425 1955 1467 1991; x_wconf 86' lang='lat' dir='ltr'><strong>et</strong></span> <span class='ocrx_word' id='word_1_203' title='bbox 1500 1953 1787 2007; x_wconf 84' lang='lat' dir='ltr'><strong>Carthaginem</strong></span> <span class='ocrx_word' id='word_1_204' title='bbox 1824 1956 2016 2007; x_wconf 87' lang='lat' dir='ltr'><strong>delatum,</strong></span> 
     </span>
     <span class='ocr_line' id='line_1_23' title="bbox 95 2017 2015 2084; baseline 0.006 -18"><span class='ocrx_word' id='word_1_205' title='bbox 95 2028 301 2080; x_wconf 83' lang='lat' dir='ltr'><strong>amplexus</strong></span> <span class='ocrx_word' id='word_1_206' title='bbox 327 2031 424 2066; x_wconf 89' lang='lat' dir='ltr'><strong>erat.</strong></span> <span class='ocrx_word' id='word_1_207' title='bbox 483 2026 649 2067; x_wconf 80' lang='lat' dir='ltr'><strong>Graecos</strong></span> <span class='ocrx_word' id='word_1_208' title='bbox 688 2037 850 2076; x_wconf 88' lang='lat' dir='ltr'><strong>quoque</strong></span> <span class='ocrx_word' id='word_1_209' title='bbox 891 2026 1017 2065; x_wconf 88' lang='lat' dir='ltr'><strong>libros</strong></span> <span class='ocrx_word' id='word_1_210' title='bbox 1053 2017 1214 2079; x_wconf 86' lang='lat' dir='ltr'><strong>scripsit</strong></span> <span class='ocrx_word' id='word_1_211' title='bbox 1245 2029 1355 2078; x_wconf 66' lang='lat' dir='ltr'><strong>(car.</strong></span> <span class='ocrx_word' id='word_1_212' title='bbox 1379 2027 1491 2082; x_wconf 76' lang='lat' dir='ltr'><strong>xxi.)</strong></span> <span class='ocrx_word' id='word_1_213' title='bbox 1526 2045 1625 2084; x_wconf 89' lang='lat' dir='ltr'><strong>quos</strong></span> <span class='ocrx_word' id='word_1_214' title='bbox 1658 2037 1795 2074; x_wconf 89' lang='lat' dir='ltr'><strong>tamen</strong></span> <span class='ocrx_word' id='word_1_215' title='bbox 1826 2036 1892 2075; x_wconf 79' lang='lat' dir='ltr'><strong>vix</strong></span> <span class='ocrx_word' id='word_1_216' title='bbox 1927 2040 2015 2077; x_wconf 85' lang='lat' dir='ltr'><strong>tan-</strong></span> 
     </span>
     <span class='ocr_line' id='line_1_24' title="bbox 95 2104 2014 2166; baseline 0.006 -22"><span class='ocrx_word' id='word_1_217' title='bbox 95 2106 303 2145; x_wconf 86' lang='lat' dir='ltr'><strong>tummodo</strong></span> <span class='ocrx_word' id='word_1_218' title='bbox 335 2106 491 2145; x_wconf 81' lang='lat' dir='ltr'><strong>Graecis</strong></span> <span class='ocrx_word' id='word_1_219' title='bbox 526 2105 792 2156; x_wconf 84' lang='lat' dir='ltr'><strong>Carthagine,</strong></span> <span class='ocrx_word' id='word_1_220' title='bbox 828 2104 962 2143; x_wconf 84' lang='lat' dir='ltr'><strong>Uticae</strong></span> <span class='ocrx_word' id='word_1_221' title='bbox 997 2109 1039 2144; x_wconf 89' lang='lat' dir='ltr'><strong>et</strong></span> <span class='ocrx_word' id='word_1_222' title='bbox 1065 2106 1256 2158; x_wconf 86' lang='lat' dir='ltr'><strong>Hippone</strong></span> <span class='ocrx_word' id='word_1_223' title='bbox 1286 2108 1419 2160; x_wconf 83' lang='lat' dir='ltr'><strong>Regio</strong></span> <span class='ocrx_word' id='word_1_224' title='bbox 1458 2113 1770 2152; x_wconf 85' lang='lat' dir='ltr'><strong>consistentibus</strong></span> <span class='ocrx_word' id='word_1_225' title='bbox 1803 2114 2014 2166; x_wconf 81' lang='lat' dir='ltr'><strong>legendos,</strong></span> 
     </span>
     <span class='ocr_line' id='line_1_25' title="bbox 96 2183 1828 2236; baseline 0.005 -14"><span class='ocrx_word' id='word_1_226' title='bbox 96 2183 170 2223; x_wconf 79' lang='lat' dir='ltr'><strong>sed</strong></span> <span class='ocrx_word' id='word_1_227' title='bbox 195 2183 367 2224; x_wconf 87' lang='lat' dir='ltr'><strong>Romam</strong></span> <span class='ocrx_word' id='word_1_228' title='bbox 396 2196 558 2235; x_wconf 91' lang='lat' dir='ltr'><strong>quoque</strong></span> <span class='ocrx_word' id='word_1_229' title='bbox 587 2187 630 2222; x_wconf 91' lang='lat' dir='ltr'><strong>et</strong></span> <span class='ocrx_word' id='word_1_230' title='bbox 662 2184 706 2221; x_wconf 88' lang='lat' dir='ltr'><strong>in</strong></span> <span class='ocrx_word' id='word_1_231' title='bbox 739 2183 939 2222; x_wconf 79' lang='lat' dir='ltr'><strong>Graeciam</strong></span> <span class='ocrx_word' id='word_1_232' title='bbox 963 2184 1272 2236; x_wconf 81' lang='lat' dir='ltr'><strong>Aegyptumque</strong></span> <span class='ocrx_word' id='word_1_233' title='bbox 1296 2188 1516 2228; x_wconf 89' lang='lat' dir='ltr'><strong>mittendos</strong></span> <span class='ocrx_word' id='word_1_234' title='bbox 1546 2190 1828 2231; x_wconf 86' lang='lat' dir='ltr'><strong>destinaverat.</strong></span> 
     </span>
    </p>

    <p class='ocr_par' dir='ltr' id='par_1_4' title="bbox 94 2260 2011 2717">
     <span class='ocr_line' id='line_1_26' title="bbox 274 2260 2011 2314; baseline 0.008 -14"><span class='ocrx_word' id='word_1_235' title='bbox 274 2261 314 2301; x_wconf 80' lang='lat'><strong>2.</strong></span> <span class='ocrx_word' id='word_1_236' title='bbox 379 2262 570 2301; x_wconf 86' lang='lat' dir='ltr'><strong>Eundem</strong></span> <span class='ocrx_word' id='word_1_237' title='bbox 613 2261 724 2300; x_wconf 88' lang='lat' dir='ltr'><strong>hunc</strong></span> <span class='ocrx_word' id='word_1_238' title='bbox 757 2260 1013 2314; x_wconf 80' lang='lat' dir='ltr'><strong>Carthaginis</strong></span> <span class='ocrx_word' id='word_1_239' title='bbox 1058 2263 1300 2304; x_wconf 79' lang='lat' dir='ltr'><strong>Christianae</strong></span> <span class='ocrx_word' id='word_1_240' title='bbox 1350 2279 1442 2305; x_wconf 91' lang='lat' dir='ltr'><strong>cum</strong></span> <span class='ocrx_word' id='word_1_241' title='bbox 1493 2269 1579 2307; x_wconf 87' lang='lat' dir='ltr'><strong>aliis</strong></span> <span class='ocrx_word' id='word_1_242' title='bbox 1613 2271 1807 2311; x_wconf 35' lang='lat' dir='ltr'><strong>‘eeclesiis</strong></span> <span class='ocrx_word' id='word_1_243' title='bbox 1862 2285 2011 2314; x_wconf 81' lang='lat' dir='ltr'><strong>nexum</strong></span> 
     </span>
     <span class='ocr_line' id='line_1_27' title="bbox 98 2338 2010 2400; baseline 0.007 -22"><span class='ocrx_word' id='word_1_244' title='bbox 98 2338 305 2379; x_wconf 85' lang='lat' dir='ltr'><strong>declarant</strong></span> <span class='ocrx_word' id='word_1_245' title='bbox 361 2339 551 2392; x_wconf 84' lang='lat' dir='ltr'><strong>Cypriani</strong></span> <span class='ocrx_word' id='word_1_246' title='bbox 604 2343 646 2379; x_wconf 92' lang='lat' dir='ltr'><strong>et</strong></span> <span class='ocrx_word' id='word_1_247' title='bbox 699 2339 997 2393; x_wconf 85' lang='lat' dir='ltr'><strong>Episcoporum</strong></span> <span class='ocrx_word' id='word_1_248' title='bbox 1045 2342 1324 2383; x_wconf 88' lang='lat' dir='ltr'><strong>Romanorum</strong></span> <span class='ocrx_word' id='word_1_249' title='bbox 1385 2349 1535 2386; x_wconf 82' lang='lat' dir='ltr'><strong>mutuae</strong></span> <span class='ocrx_word' id='word_1_250' title='bbox 1595 2349 1776 2400; x_wconf 81' lang='lat' dir='ltr'><strong>epistolae</strong></span> <span class='ocrx_word' id='word_1_251' title='bbox 1800 2379 1812 2399; x_wconf 85' lang='lat'><strong>,</strong></span> <span class='ocrx_word' id='word_1_252' title='bbox 1865 2352 2010 2392; x_wconf 87' lang='lat' dir='ltr'><strong>itinera</strong></span> 
     </span>
     <span class='ocr_line' id='line_1_28' title="bbox 94 2417 2008 2482; baseline 0.007 -25"><span class='ocrx_word' id='word_1_253' title='bbox 94 2417 391 2470; x_wconf 79' lang='lat' dir='ltr'><strong>Episcoporum</strong></span> <span class='ocrx_word' id='word_1_254' title='bbox 421 2419 612 2458; x_wconf 88' lang='lat' dir='ltr'><strong>Afrorum</strong></span> <span class='ocrx_word' id='word_1_255' title='bbox 641 2419 813 2459; x_wconf 88' lang='lat' dir='ltr'><strong>Romam</strong></span> <span class='ocrx_word' id='word_1_256' title='bbox 845 2425 1045 2473; x_wconf 80' lang='lat' dir='ltr'><strong>suscepta,</strong></span> <span class='ocrx_word' id='word_1_257' title='bbox 1082 2435 1105 2460; x_wconf 91' lang='lat' dir='ltr'><strong>e</strong></span> <span class='ocrx_word' id='word_1_258' title='bbox 1138 2423 1283 2473; x_wconf 88' lang='lat' dir='ltr'><strong>quibus</strong></span> <span class='ocrx_word' id='word_1_259' title='bbox 1312 2424 1405 2472; x_wconf 89' lang='lat' dir='ltr'><strong>duo,</strong></span> <span class='ocrx_word' id='word_1_260' title='bbox 1445 2424 1665 2478; x_wconf 88' lang='lat' dir='ltr'><strong>Pompejus</strong></span> <span class='ocrx_word' id='word_1_261' title='bbox 1695 2431 1737 2467; x_wconf 89' lang='lat' dir='ltr'><strong>et</strong></span> <span class='ocrx_word' id='word_1_262' title='bbox 1769 2428 2008 2482; x_wconf 84' lang='lat' dir='ltr'><strong>Stephanus,</strong></span> 
     </span>
     <span class='ocr_line' id='line_1_29' title="bbox 95 2495 2007 2559; baseline 0.007 -24"><span class='ocrx_word' id='word_1_263' title='bbox 95 2495 592 2536; x_wconf 86' lang='lat' dir='ltr'><strong>consecrationi-Cornelii</strong></span> <span class='ocrx_word' id='word_1_264' title='bbox 620 2499 897 2539; x_wconf 86' lang='lat' dir='ltr'><strong>interfuerunt</strong></span> <span class='ocrx_word' id='word_1_265' title='bbox 925 2500 1067 2553; x_wconf 82' lang='lat' dir='ltr'><strong>(Cypr.</strong></span> <span class='ocrx_word' id='word_1_266' title='bbox 1079 2501 1208 2553; x_wconf 81' lang='lat' dir='ltr'><strong>Epist.</strong></span> <span class='ocrx_word' id='word_1_267' title='bbox 1229 2501 1295 2540; x_wconf 81' lang='lat'><strong>55.</strong></span> <span class='ocrx_word' id='word_1_268' title='bbox 1325 2504 1510 2554; x_wconf 77' lang='lat' dir='ltr'><strong>p.104.);</strong></span> <span class='ocrx_word' id='word_1_269' title='bbox 1542 2505 1734 2557; x_wconf 74' lang='lat' dir='ltr'><strong>Cypriani</strong></span> <span class='ocrx_word' id='word_1_270' title='bbox 1749 2509 1917 2559; x_wconf 79' lang='lat' dir='ltr'><strong>epistola</strong></span> <span class='ocrx_word' id='word_1_271' title='bbox 1939 2509 2007 2558; x_wconf 79' lang='lat'><strong>67,</strong></span> 
     </span>
     <span class='ocr_line' id='line_1_30' title="bbox 94 2570 2007 2636; baseline 0.008 -24"><span class='ocrx_word' id='word_1_272' title='bbox 94 2570 227 2612; x_wconf 85' lang='lat' dir='ltr'><strong>Felici</strong></span> <span class='ocrx_word' id='word_1_273' title='bbox 254 2578 296 2613; x_wconf 86' lang='lat' dir='ltr'><strong>et</strong></span> <span class='ocrx_word' id='word_1_274' title='bbox 320 2574 505 2626; x_wconf 90' lang='lat' dir='ltr'><strong>plebibus</strong></span> <span class='ocrx_word' id='word_1_275' title='bbox 530 2575 768 2616; x_wconf 85' lang='lat' dir='ltr'><strong>Christianis</strong></span> <span class='ocrx_word' id='word_1_276' title='bbox 798 2578 848 2617; x_wconf 86' lang='lat' dir='ltr'><strong>ad</strong></span> <span class='ocrx_word' id='word_1_277' title='bbox 877 2577 1114 2631; x_wconf 85' lang='lat' dir='ltr'><strong>Legionem,</strong></span> <span class='ocrx_word' id='word_1_278' title='bbox 1148 2584 1189 2620; x_wconf 89' lang='lat' dir='ltr'><strong>et</strong></span> <span class='ocrx_word' id='word_1_279' title='bbox 1212 2580 1411 2620; x_wconf 84' lang='lat' dir='ltr'><strong>Asturicae</strong></span> <span class='ocrx_word' id='word_1_280' title='bbox 1434 2584 1476 2621; x_wconf 90' lang='lat' dir='ltr'><strong>in</strong></span> <span class='ocrx_word' id='word_1_281' title='bbox 1499 2584 1695 2636; x_wconf 87' lang='lat' dir='ltr'><strong>Hispania</strong></span> <span class='ocrx_word' id='word_1_282' title='bbox 1713 2586 2007 2627; x_wconf 85' lang='lat' dir='ltr'><strong>Tarraconensi</strong></span> 
     </span>
     <span class='ocr_line' id='line_1_31' title="bbox 96 2651 2006 2717; baseline 0.007 -27"><span class='ocrx_word' id='word_1_283' title='bbox 96 2653 155 2703; x_wconf 81' lang='lat' dir='ltr'><strong>(p.</strong></span> <span class='ocrx_word' id='word_1_284' title='bbox 171 2652 308 2701; x_wconf 74' lang='lat'>170.);</span> <span class='ocrx_word' id='word_1_285' title='bbox 338 2656 380 2692; x_wconf 91' lang='lat' dir='ltr'><strong>et</strong></span> <span class='ocrx_word' id='word_1_286' title='bbox 404 2651 512 2704; x_wconf 87' lang='lat' dir='ltr'><strong>quod</strong></span> <span class='ocrx_word' id='word_1_287' title='bbox 535 2653 660 2705; x_wconf 81' lang='lat' dir='ltr'><strong>ipsam</strong></span> <span class='ocrx_word' id='word_1_288' title='bbox 682 2653 818 2695; x_wconf 86' lang='lat' dir='ltr'><strong>Asiam</strong></span> <span class='ocrx_word' id='word_1_289' title='bbox 843 2658 1001 2707; x_wconf 84' lang='lat' dir='ltr'><strong>attinet,</strong></span> <span class='ocrx_word' id='word_1_290' title='bbox 1029 2659 1271 2708; x_wconf 83' lang='lat' dir='ltr'><strong>Firmiliani‚</strong></span> <span class='ocrx_word' id='word_1_291' title='bbox 1305 2658 1502 2700; x_wconf 78' lang='lat' dir='ltr'><strong>Caesareae</strong></span> <span class='ocrx_word' id='word_1_292' title='bbox 1516 2661 1783 2715; x_wconf 63' lang='lat' dir='ltr'><strong>Cappadociae</strong></span> <span class='ocrx_word' id='word_1_293' title='bbox 1799 2664 2006 2717; x_wconf 73' lang='lat' dir='ltr'><strong>Episcopi,</strong></span> 
     </span>
    </p>
   </div>
  </div>
 </body>
</html>
