2341 3340
1023 122 1123 169 2⁰3

122 270 398 322 magistratum
428 269 612 322 gesserit,
642 280 664 306 e
692 266 872 306 maximis
903 277 1064 316 quoque
1093 277 1225 311 unam,
1254 263 1367 303 brevi
1400 270 1609 318 postquam
1634 265 1784 318 duplici
1806 264 2026 305 Consulatu

122 347 300 396 abiisset,
332 349 517 387 sortitum
549 347 674 385 fuisse
707 344 963 396 provinciam.
1022 343 1102 381 Hic
1124 355 1175 381 ne
1204 342 1409 391 inquirere
1443 345 1606 394 quidem
1638 344 1764 382 voluit
1791 345 1833 382 in
1853 343 2024 383 Christi-

121 437 241 465 anum
264 426 340 465 sibi
368 439 460 465 cum
492 425 624 476 elogio
654 423 832 462 missum.
891 403 1152 473 Compertum
1181 421 1290 459 enim
1318 422 1459 461 habuit
1489 436 1538 461 ex
1569 423 1721 474 elogi0‚
1753 422 2026 461 Christianum

121 503 232 543 hunc
260 505 379 543 minis
405 503 455 543 ad
490 501 765 541 confitendum
797 500 982 539 adactum
1017 500 1145 538 fuisse
1161 499 1208 537 4⁰.
1266 498 1401 537 Scisso
1447 501 1579 550 elogio
1620 501 1772 540 dimisit
1804 501 2026 547 hominem,

121 582 364 633 negavitque
395 580 618 620 secundum
650 579 853 627 mandata,
894 591 938 617 se
971 591 1064 617 eum
1097 577 1338 617 auditurum.
1401 576 1523 615 Hunc
1556 578 1717 627 quidem
1748 581 1856 618 inter
1887 590 2026 617 omnes

121 658 274 699 Africae
305 659 522 710 praesides,
559 669 659 708 quos
690 657 963 696 Tertullianus
993 660 1200 704 recenset,
1241 641 1542 695 ordine'fuisse
1571 655 1744 706 primum
1774 656 2028 695 confidenter

121 749 367 784 assererem,
406 738 485 777 nisi
521 737 728 776 obstarent
759 736 898 774 ultima
929 735 1110 787 ejusdem
1141 734 1287 782 verba,
1325 733 1468 784 quibus
1497 732 1547 772 ad
1577 730 1806 771 testimonia
1837 737 2027 784 provocat

121 815 441 864 Advocatorum,
482 816 551 867 qui
589 826 750 853 causam
796 811 1119 852 Christianorum
1163 816 1355 864 egerant:
1405 824 1494 863 quae
1536 811 1701 863 quidem
1740 810 1775 849 si
1819 809 1870 848 de
1917 810 2027 849 facto

121 893 319 933 Pudentis
340 892 603 945 intelligenda
623 894 727 940 sunt,
758 893 940 944 tempora
958 891 1232 943 persecutioni
1260 891 1334 939 illi,
1367 902 1457 942 quae
1485 893 1570 929 tum
1593 891 1808 937 exarserat,
1840 890 2028 941 propiora

120 972 300 1014 indicare
328 972 530 1011 videntur.

297 1051 361 1092 Ex
388 1052 469 1091 hoc
497 1051 621 1103 igitur
646 1050 737 1090 loco
753 1050 958 1100 discimus,
988 1049 1228 1090 Christianis
1256 1049 1454 1090 accusatis
1479 1047 1593 1088 datos
1616 1047 1743 1088 fuisse
1758 1049 2028 1097 Advocatos,·

121 1129 233 1182 quod
278 1130 442 1182 quidem
484 1129 751 1178 beneficium,
798 1133 934 1169 utrum
973 1131 1015 1169 in
1053 1130 1137 1169 sola
1185 1130 1351 1178 Africa,
1398 1142 1449 1168 an
1494 1129 1645 1178 ubique
1689 1141 1763 1180 per
1808 1127 2027 1180 Imperium

119 1210 360 1258 Romanum,
383 1210 435 1249 iis
464 1221 700 1249 concessum
723 1209 863 1258 fuerit,
894 1209 1052 1261 ignoro.
1110 1207 1300 1246 Attamen
1329 1219 1412 1252 eos,
1440 1206 1518 1244 etsi
1539 1206 1703 1252 vellent,
1731 1205 1841 1243 haud
1869 1217 2030 1258 semper

120 1290 279 1342 integra
308 1287 470 1327 dicendi
502 1287 690 1326 libertate
720 1287 802 1326 frui
835 1287 1036 1338 potuisse,
1083 1285 1278 1336 colligere
1313 1286 1375 1322 est
1407 1295 1456 1322 ex
1487 1283 1621 1321 verbis
1651 1281 1910 1334 Apologetici
1935 1296 1969 1322 c.
1988 1284 2029 1322 2.

121 1368 212 1409 Sed
239 1367 500 1409 Christianis
536 1366 639 1405 solis
674 1365 783 1405 m‘lzz'l
811 1365 1091 1420 permittitur
1125 1364 1261 1416 loqui,
1314 1362 1428 1416 quod
1446 1371 1644 1401 ‘causam-
1678 1367 1867 1415 purget,
1920 1362 2032 1416 qaod

121 1448 351 1487 veritatem
382 1443 604 1495 defendat,
636 1443 747 1497 quod
759 1443 953 1496 judicem
984 1455 1069 1481 non
1088 1443 1239 1493 faciat
1266 1442 1476 1494 injustum
1488 1438 1536 1478 4¹.
1600 1440 1740 1479 Facile
1769 1443 1904 1479 tamen
1936 1452 2032 1480 con-

122 1523 306 1572 cedetur,
336 1522 493 1561 diversa
514 1522 641 1560 fuisse
660 1522 750 1560 haec
773 1533 848 1572 pro
870 1520 1027 1559 ratione
1050 1521 1292 1570 temporum,
1322 1522 1442 1570 atque
1464 1519 1768 1571 magistratuum
1795 1517 1960 1569 ingenio
1991 1521 2033 1558 et

120 1600 371 1653 indulgentia
387 1600 451 1639 vel
468 1600 696 1639 severitate.
753 1599 816 1638 Ex
846 1600 979 1638 verbis
1005 1611 1128 1650 porro
1142 1597 1329 1649 Septimii
1357 1600 1481 1649 patet,
1512 1597 1621 1648 ipsos
1649 1596 1776 1634 hosce
1791 1595 2033 1646 Advocatos,

121 1682 199 1735 qzcz‘
222 1679 435 1734 *beneficia
479 1680 722 1719 habuerunt
763 1678 1140 1724 Christianorum,
1185 1676 1228 1714 h.
1265 1688 1301 1715 e.
1331 1688 1472 1714 eorum
1515 1688 1676 1715 causam
1719 1674 2032 1724 defendendam,

121 1758 185 1798 vel
217 1757 416 1806 libenter,
450 1758 515 1796 vel
545 1756 738 1795 Praesidis
760 1757 898 1809 jussu,
935 1756 978 1795 in
1007 1768 1051 1795 se
1090 1758 1382 1805 susceperunt,
1422 1754 1581 1793 diverso
1619 1765 1714 1805 erga
1748 1764 1819 1792 eos
1847 1753 2032 1794 adfectos

120 1836 247 1876 fuisse
270 1836 416 1875 animo.
471 1834 575 1875 Nam
603 1835 798 1874 hostilem
824 1833 1045 1881 interdum,
1082 1833 1252 1874 forsitan
1284 1834 1451 1884 saepius,
1489 1832 1665 1872 animum
1692 1831 1873 1871 indicant
1895 1833 2034 1873 ultima

122 1913 210 1968 ejus
237 1914 378 1955 verba:
425 1914 525 1953 licet
559 1912 804 1952 adclament
835 1926 930 1966 qaoe
961 1914 1129 1953 volant.

298 1992 477 2031 Ultimus
500 1990 676 2042 denique
706 1990 776 2041 qui
803 1991 919 2030 nobis
949 1991 1126 2030 innotuit
1147 1990 1300 2031 Africae
1328 1990 1552 2032 Proconsul
1572 1991 1745 2031 florente
1768 1990 2035 2040 Tertulliano,

123 2070 175 2112 ad
194 2082 315 2123 quem
338 2070 426 2121 ipse
438 2069 593 2108 Doctor
606 2068 709 2107 Afer
725 2069 1023 2120 apologeticum
1046 2082 1119 2121 pro
1138 2069 1378 2110 Christianis
1400 2071 1513 2110 dedit
1536 2071 1696 2118 librum,
1726 2074 1788 2109 est
1805 2071 2033 2111 SCAPULA.

122 2150 355 2204 Scapulam
382 2148 624 2188 Tertullum
647 2146 845 2185 habemus
877 2146 1095 2186 Consulem
1126 2160 1218 2187 cum
1251 2148 1299 2186 T.
1332 2150 1471 2188 Flavio
1505 2148 1718 2187 Clemente
1749 2161 1782 2186 a.
1811 2160 1850 2185 u.
1875 2160 1910 2185 c.
1939 2147 2036 2186 948.

122 2213 215 2278 post
243 2226 450 2265 Christum
488 2223 582 2264 195.
620 2224 726 2277 apud
761 2224 929 2277 Pagium
960 2225 1098 2264 Critic.
1128 2226 1273 2265 Baron.
1301 2226 1332 2265 Ι.
1360 2241 1399 2279 p.
1430 2226 1525 2266 184.
1596 2225 1718 2265 Hunc
1751 2225 1904 2265 Africae
1936 2225 2038 2266 Pro-

122 2305 331 2345 consulem
367 2303 591 2343 Morcellus
624 2303 672 2353 Q.
708 2302 892 2342 Flavium
939 2302 1154 2355 Scapulam
1195 2304 1425 2345 Tertullum
1470 2309 1588 2344 vocat
1607 2303 1655 2343 4².
1724 2304 1816 2344 Huc
1858 2305 1948 2344 fere
1989 2317 2038 2345 ea

144 2459 181 2487 4⁰
208 2459 441 2494 Coucussz'one
485 2459 564 2501 ejus
595 2459 781 2494 intellecta
819 2463 907 2494 sunt
937 2460 1055 2495 verba
1197 2460 1380 2495 sationem
1408 2460 1600 2494 habebant
1625 2459 1892 2505 magistratus,
1919 2471 2037 2505 quum

217 2527 449 2562 Tertulliani
499 2528 547 2562 ad
590 2527 791 2573 Scapulam
842 2541 872 2563 c.
902 2531 934 2563 4.
996 2529 1054 2563 cf.
1196 2529 1335 2575 religio
1371 2529 1587 2564 Christiana
1621 2540 1643 2564 a
1665 2528 1815 2575 legibus
1840 2528 2036 2575 religioni-

213 2598 381 2633 Neautlri
409 2597 870 2643 Kirchengeschichte.1.
908 2610 943 2642 p.
976 2598 1056 2633 149.
1196 2599 1269 2633 bus
1295 2599 1439 2635 illicitis
1456 2600 1715 2636 ,adnumerata
1743 2598 1873 2633 fuerit.

146 2682 180 2712 41
209 2682 272 2719 Gr.
305 2681 524 2717 Neandrum
555 2682 599 2717 G.
629 2683 663 2717 cl.
688 2682 733 2716 T.
768 2692 803 2726 p.
829 2680 886 2717 60.
934 2682 1058 2719 Excu-
1129 2682 1165 2712 42
1188 2683 1281 2730 Pag.
1317 2682 1376 2720 69.
