2341 3340
1212 194 1311 242 166

294 339 448 380 indicat
487 352 617 380 canon
655 339 780 380 Conc.
812 339 1001 394 carthag.
1030 338 1099 382 IV.
1137 352 1241 380 anno
1285 340 1381 380 398.
1413 340 1566 389 habiti,
1616 339 1669 382 de
1709 341 1763 382 iis
1801 342 1877 396 qui
1918 344 2120 396 auguriis
2162 345 2230 384 vel

294 421 675 461 incantationibus
713 422 781 461 vel
809 421 1003 461 Judaicis
1041 421 1425 476 superstitionibus
1468 422 1670 460 serviunt
1714 421 1824 470 (cAP.
1855 421 1921 470 1.).
1992 421 2048 461 Et
2081 425 2229 474 sponte

296 499 462 551 quidem
494 499 766 551 intelligitur,
806 499 971 539 Judaeos
1008 499 1289 546 commerciis,
1334 499 1479 549 quibus
1516 499 1702 551 inprimis
1738 498 1941 552 Carthago
1973 498 2139 548 floruit,
2185 500 2237 540 ad

296 578 417 618 sedes
438 580 480 619 in
507 579 586 618 hac
606 579 823 631 metropoli
848 579 1088 629 quaerendas
1112 579 1280 617 allectos
1309 576 1452 625 fuisse,
1482 581 1677 629 tantoque
1703 578 1863 619 facilius
1895 580 1977 618 huc
2007 579 2231 626 transiisse,
2281 604 2285 608 x

297 661 449 708 quanto
479 660 611 711 major
633 659 743 698 inter
771 659 1120 711 syrochaldaicam
1144 662 1187 697 et
1202 657 1392 710 punicam
1416 656 1593 707 linguam
1616 657 1895 697 intercederet
1918 658 2110 698 affinitas.
2168 658 2233 697 Ex

295 735 490 788 Hispania
516 744 667 788 autem,
696 739 781 788 ubi,
812 740 890 778 nisi
923 738 1073 791 priusfl,
1109 736 1236 777 aTiti
1260 736 1405 776 saltem
1421 734 1596 787 Augusti
1623 735 1720 774 inde
1753 740 1940 788 tempore
1970 737 2158 784 extitere,
2189 740 2232 776 et

294 815 425 855 Roma
449 817 558 855 haud
586 818 708 856 dubie
736 819 781 856 in
796 818 978 857 Africam
1007 817 1271 869 trajecerunt.
1330 815 1497 854 Inventa
1528 825 1692 866 quoque
1720 818 1782 854 est
1802 816 1844 854 in
1861 815 2003 854 Africa
2016 815 2229 868 Inscriptio

295 895 625 934 commorationis
677 895 916 934 Judaeorum
956 895 1102 941 testis:
1164 906 1350 933 PoMrmo
1394 907 1639 934 ims'rrru'ro
1694 905 1821 933 lvnno
1872 905 2061 934 pompam
2111 906 2231 934 KARA

294 985 425 1013 PATRI
467 985 708 1013 KARISSIMO
746 986 873 1013 macir
887 974 916 1012 ⁷.
978 972 1257 1012 Tertullianus
1296 972 1348 1011 de
1386 971 1662 1024 disputatione
1690 973 1804 1011 brevi
1833 974 2231 1033 antequamllibrum

293 1052 485 1092 adversus
518 1053 686 1092 Judaeos
717 1054 935 1102 scriberet,
968 1053 1003 1091 si
1033 1053 1209 1104 scripsit,
1241 1052 1351 1090 inter
1385 1050 1663 1090 Christianum
1692 1054 1734 1089 et
1762 1050 2021 1104 Proselytum
2042 1052 2233 1093 Judaeum

293 1131 431 1171 habita
475 1133 657 1184 loquitur
697 1145 784 1185 cap.
817 1132 856 1171 1.
928 1133 1227 1173 Seminarium
1273 1132 1474 1184 infamiae
1512 1131 1865 1171 Christianorum
1905 1132 2083 1172 Judoeos
2128 1132 2230 1172 dicit

291 1211 371 1251 alio
415 1211 569 1262 locos,
611 1217 654 1252 et
697 1212 982 1266 Synagogam
1012 1215 1192 1265 fontem
1221 1211 1580 1265 persecutionum
1621 1209 1672 1249 ab
1705 1211 1931 1264 Apostolis
1970 1214 2090 1250 vocat
2124 1212 2230 1251 liber

293 1294 433 1330 contra
462 1291 679 1331 Gnosticos
703 1289 733 1329 9.
791 1290 985 1330 Attamen
1015 1290 1294 1330 Tertullianus
1320 1290 1474 1328 fatetur
1501 1289 1612 1339 ipsos
1643 1287 1810 1327 Judaeos
1836 1288 2090 1329 Christianos
2118 1290 2228 1330 haud

291 1374 532 1422 persecutos
567 1370 719 1418 fuisse;
772 1370 959 1420 scilicet,
1009 1371 1103 1422 quia
1147 1371 1228 1410 hoc
1265 1369 1347 1408 illis
1385 1380 1460 1419 per
1498 1367 1612 1418 leges
1649 1365 1852 1407 Romanas
1897 1368 2010 1407 haud
2051 1369 2230 1410 licebat:

292 1450 447 1490 Etiam
497 1452 538 1490 si
573 1451 988 1504 apprehendamur,
1037 1464 1127 1490 non
1179 1451 1226 1489 in
1274 1448 1460 1488 concilia
1499 1459 1649 1485 eorum
1687 1447 2008 1501 perducemur,
2055 1462 2136 1489 nec
2179 1451 2227 1490 in

291 1531 534 1583 synagogis
573 1543 724 1569 eorum
748 1529 1108 1582 flagellabimur,
1150 1528 1230 1569 sed
1259 1526 1471 1568 Romanis
1510 1527 1660 1580 utique
1687 1526 1978 1580 potestatibus
2015 1532 2059 1567 et
2089 1528 2224 1569 tribu<

291 1609 463 1650 nalibus
493 1607 807 1663 objiciemurw.

471 1688 512 1727 3.
571 1690 758 1729 Alterum
774 1672 956 1729 hostium
968 1688 1192 1729 Christiani
1205 1688 1381 1728 nominis
1402 1698 1531 1741 genus
1549 1689 1664 1727 erant
1673 1687 1871 1735 Ethnici,
1892 1699 1915 1726 a
1930 1686 2226 1737 sacerdotibus,

291 1779 395 1819 quos
433 1768 658 1809 Christiani
699 1783 782 1810 non
813 1769 950 1810 solum
989 1772 1202 1808 contemtu
1242 1768 1374 1808 omnis
1412 1767 1622 1820 religionis
1663 1766 1861 1814 ethnicae,
1904 1766 1979 1805 sed
2009 1767 2227 1819 exprobra-

291 1850 472 1890 tionibus
503 1850 587 1888 suis
622 1861 785 1901 quoque
814 1848 1155 1888 exacerbaverant
1171 1845 1225 1895 ¹1,
1259 1847 1369 1886 inter
1401 1858 1502 1897 quos
1536 1847 1579 1884 in
1607 1845 1749 1885 Africa
1785 1845 1951 1884 Saturni
1979 1849 2102 1895 atque
2125 1845 2225 1885 Deae

290 1927 495 1967 Coelestis
519 1928 696 1968 ministri
719 1928 828 1967 haud
851 1927 975 1966 dubie
1002 1927 1250 1974 eminebant,
1275 1929 1321 1964 ut
1343 1937 1486 1964 eorum
1507 1924 1745 1976 sanguinem
1772 1927 1992 1975 poscerent
2016 1925 2224 1965 concitati.

292 2006 393 2047 Inde
421 2007 604 2046 convicia
625 2007 804 2055 illorum,
834 2008 907 2061 qui
927 2020 998 2047 eos
1021 2008 1260 2047 noluerunt
1272 2005 1494 2045 Romanos
1522 2003 1686 2050 haberi,
1719 2004 1798 2043 sed
1819 2004 1963 2043 hostes
1975 2005 2224 2057 principum

291 2088 592 2127 Romanorum
637 2086 829 2138 (Apolog.
859 2098 894 2124 c.
922 2081 1013 2136 35.)
1054 2086 1351 2125 Christianum
1395 2083 1507 2122 enim
1550 2081 1714 2134 ajebant
1761 2082 1980 2121 hominem
2030 2083 2224 2122 omnium

291 2167 502 2206 scelerum
547 2160 699 2213 reum,
747 2165 964 2212 Deorum,
1007 2164 1364 2218 Imperatorum,
1410 2164 1583 2216 legum,
1634 2172 1828 2208 morum,
1874 2165 2051 2200 naturoe
2089 2162 2226 2201 totius

340 2322 357 2350 6
384 2322 527 2356 Paulus
549 2321 652 2355 enim
664 2320 866 2365 Apostolus
880 2320 1110 2365 Hispaniam
1130 2319 1236 2354 adire
1307 2317 1343 2346 1⁰
1367 2318 1423 2352 De
1447 2318 1544 2363 fuga
1568 2328 1598 2351 c.
1617 2315 1652 2352 6.

389 2394 517 2426 mente
551 2393 777 2435 ⁰⁰¹¹⁰eperat
795 2416 805 2433 '
843 2391 956 2424 Rom·
994 2391 1071 2424 XV·
1099 2389 1156 2423 24·
1178 2389 1235 2424 28·
1283 2399 1286 2401 ’
1307 2409 1342 2439 ll
1367 2410 1591 2445 Sacerdotes
1613 2422 1649 2444 v.
1675 2422 1704 2445 c.
1727 2410 1990 2446 Tertullianus
2014 2409 2221 2455 appellavit

388 2462 428 2496 id
452 2461 551 2506 quod
572 2460 638 2494 vix
659 2460 824 2502 fecisset,
849 2459 1084 2494 nisiJudaeos
1105 2459 1144 2493 in
1162 2460 1235 2493 hoc
1375 2481 1626 2514 vitiosissimos·
1697 2480 1856 2526 Apolog·
1898 2493 1927 2514 c.
1964 2480 2020 2514 3⁰.
2079 2480 2217 2520 Miror,

389 2535 582 2567 terrarum
606 2534 734 2565 tractu
757 2530 865 2564 sedes
895 2529 1023 2565 fixisse
1055 2529 1233 2565 novisset.
1374 2549 1520 2595 inquit,
1558 2563 1637 2585 cum
1662 2551 1787 2585 hosa-w
1806 2551 2009 2595 probantur
2027 2561 2137 2594 penes
2159 2561 2220 2584 vo,

340 2625 358 2653 'a'
382 2627 540 2671 Voyage
564 2624 609 2657 de
635 2623 752 2659 Shaw
779 2636 815 2669 p.
836 2624 916 2659 129.
1376 2633 1400 2655 a
1423 2622 1656 2655 vitiosissimis
1685 2622 1944 2661 sacerdotibus,
1976 2632 2040 2654 cur
2059 2631 2219 2665 praeeor7

341 2719 359 2747 8
385 2719 490 2754 [ΑΜ.
513 2718 543 2753 1·
572 2718 620 2753 ad
642 2716 821 2753 Nationes
850 2729 880 2753 c.
906 2717 960 2752 14·
1375 2692 1439 2726 dia
1478 2692 1601 2736 potius
1634 2692 1861 2725 victimarum
1899 2701 2007 2734 quam
2062 2691 2218 2735 ipsorum

1374 2762 1474 2796 sacri
1489 2763 1664 2797 acontium
1689 2761 1949 2796 examinentur.

341 2812 358 2840 ⁹
388 2813 476 2857 cap.
497 2810 553 2846 10.
