2341 3340
1007 181 1108 227 207

107 322 165 363 Hi
193 322 281 363 dies
312 325 434 364 annui
463 325 711 379 Martyrum
742 323 951 364 natalitia
982 321 1304 374 appellabantur,
1338 334 1437 365 voce
1465 339 1488 366 a
1516 325 1740 368 Gentilium
1770 328 1907 381 festis,
1943 334 2012 386 qui

107 404 319 443 natalitia
369 404 590 444 Gaesarum
637 407 681 442 et
723 402 861 455 Impp.
911 401 1116 453 agebant,
1173 401 1225 440 ad
1273 414 1386 443 sacra
1439 404 1760 447 Christianorum
1810 414 2011 455 translata„

108 478 301 520 Occurrit
340 481 420 520 hoc
461 492 609 519 nomen
644 477 751 529 apud
781 478 1076 527 Tertullianum
1115 478 1168 518 de
1207 491 1356 518 corona
1386 481 1469 519 mil.
1498 495 1532 521 c.
1555 483 1595 523 3.
1640 485 1692 524 de
1727 488 2011 536 oblationibus

100 571 185 612 pro
216 559 432 611 defunctis
458 571 611 598 annua
643 557 725 597 die.
782 558 930 606 Areae,
962 569 1053 608 quae
1087 553 1249 610 quoque
1277 560 1510 613 martyria,
1538 567 1808 615 coemeteria,
1833 582 2008 621 mensae,

102 650 142 676 v.
174 638 392 677 memoriae
431 641 674 689 martyrum
715 635 988 685 vocabantur,
1039 648 1149 688 saepe
1191 640 1412 677 occurrunt
1428 635 1477 675 ⁵⁷.
1543 637 1726 679 Celebris
1769 647 1832 684 est
1871 660 2010 691 mensa

102 713 306 766 Cypriani.
363 713 578 766 Nunquam
610 725 707 754 vero
743 727 897 770 preces
934 714 986 755 ad
1021 713 1225 767 Martyres
1264 714 1567 768 dirigebantur,
1604 729 1686 757 uno
1721 718 1807 760 Deo
1848 736 2009 778 semper

98 792 297 833 invocato.

278 871 346 910 10.
401 872 586 924 Denique
614 872 710 925 ipsis
741 871 1065 913 Christianorum
1099 872 1451 925 persecutionibus
1489 875 1593 915 nihil
1626 875 1831 919 effectum.
1889 881 2009 924 Chri-

98 950 217 990 stiani
247 950 355 990 enim
383 951 561 990 animum
589 951 757 991 minime
789 951 1035 1004 desponderi
1064 951 1171 1003 passi
1205 954 1318 991 suut:
1366 953 1397 992 ii
1429 954 1499 1004 qui
1532 955 1680 994 timore
1715 956 2005 1013 doloribusque

96 1029 148 1069 ad
186 1027 459 1069 deficiendum
497 1031 628 1069 coacti
660 1030 847 1079 fuerunt,
896 1042 1011 1078 mox,
1054 1035 1238 1069 cessante
1276 1030 1342 1069 vel
1379 1031 1670 1083 languescente
1706 1040 2004 1091 persecutione,

96 1107 335 1147 humillimis
372 1108 561 1159 precibus
594 1109 968 1149 reconciliationem
1003 1108 1223 1160 petebant,
1264 1111 1483 1161 multique,
1520 1114 1745 1154 constantia
1774 1115 2002 1169 Martyrum

94 1186 217 1234 moti,
259 1198 283 1224 e
313 1187 642 1238 persecutoribus
678 1185 900 1225 Christiani
939 1190 1032 1225 sunt
1067 1186 1179 1225 facti.
1250 1187 1358 1226 Hinc
1396 1188 1671 1229 Tertullianus
1707 1192 1759 1231 ad
1788 1193 2001 1247 Scapulam

95 1277 130 1304 c.
161 1265 236 1304 ult.
292 1266 386 1305 Nec
411 1270 556 1305 tamen
588 1266 755 1318 deficiet
778 1266 869 1304 haec
896 1271 1029 1311 secta,
1058 1277 1185 1317 quam
1213 1270 1318 1304 tuno
1344 1267 1485 1319 magis
1512 1268 1727 1320 aedzficari
1750 1273 1877 1320 scias,
1908 1288 2001 1315 cnm

93 1343 206 1384 caedz'
231 1343 422 1384 videtur.
478 1342 534 1381 Et
550 1343 806 1394 Apologetici
835 1340 949 1380 &59-
976 1343 1129 1395 plures
1150 1344 1374 1396 efficimur,
1400 1346 1563 1398 quoties
1583 1348 1786 1388 metimur
1810 1364 1838 1389 a
1869 1352 1998 1393 vobis.

91 1422 248 1462 Semen
287 1427 353 1462 est
387 1423 569 1475 sanguis
605 1420 740 1471 (editt.
768 1420 922 1459 habent
957 1416 1185 1473 sanguinis)
1221 1422 1571 1464 Christianorum
1589 1421 1638 1462 5³.
1703 1425 1805 1477 Quae
1837 1438 1999 1482 quoque

89 1501 190 1542 Acta
225 1498 268 1539 S.
297 1498 341 1540 S.
366 1499 584 1552 Perpetuae
615 1503 657 1539 et
683 1499 908 1538 Felicitatis
935 1502 1144 1539 testantur.

113 1686 148 1715 5⁷
171 1684 386 1720 Leidekker
417 1682 456 1718 S.
482 1682 518 1725 3,
546 1683 581 1718 2.
617 1687 655 1719 et
680 1683 857 1718 Knittelii
895 1683 1019 1728 prisca
1089 1684 1124 1712 58
1147 1685 1266 1719 Locos
1286 1685 1444 1720 Patrum
1467 1686 1570 1720 idem
1600 1686 1673 1720 hoc
1705 1691 1884 1724 testantes
1916 1693 1994 1727 col-

180 1753 281 1789 ruris
302 1752 458 1787 ecclesia
484 1765 519 1797 p.
537 1752 594 1788 72.
613 1752 670 1788 73.
695 1752 764 1789 ubi
789 1752 865 1789 loci
883 1752 1017 1800 Augu-
1155 1754 1252 1800 legit
1281 1755 1507 1790 Kortholtus
1551 1756 1599 1790 ad
1626 1756 1838 1801 Epistolam
1874 1760 1994 1797 Plinii

181 1823 272 1861 stin-i
293 1821 515 1858 excitantur.
1152 1823 1316 1867 junioris
1348 1824 1393 1858 tle
1421 1824 1647 1861 Christianis
1679 1837 1714 1870 p.
1736 1825 1815 1862 167.
