2341 3340
1141 138 1238 187 194

223 284 375 327 deinde
405 296 501 325 vero
540 296 614 336 per
647 283 893 324 intervalla⁸
925 275 1163 333 recruduit;
1215 297 1388 337 namque
1430 284 1652 326 Christiani
1689 285 1740 326 ab
1775 286 1921 327 eodem
1962 284 2147 341 Scapula,

222 365 293 418 qui
323 377 426 404 anno
455 363 554 403 211.
600 362 783 403 Africam
814 376 889 416 pro
921 364 1098 404 Consule
1127 365 1259 412 rexit,
1304 365 1399 417 igne
1428 366 1722 417 torquebantur
1751 369 1794 405 et
1822 366 2106 406 cremabantur
2117 364 2148 421 ξ.

221 444 314 484 Hoc
344 447 480 483 autem
514 446 702 495 tempore
748 442 944 484 Severum
985 446 1078 496 post
1113 455 1257 483 necem
1296 442 1527 493 Plautiani,
1573 446 1723 485 veteris
1767 458 1863 498 erga
1893 444 2147 486 Christianos

219 521 371 563 favoris
399 534 645 570 memorem,
683 522 864 562 hostium
897 522 1119 561 Christiani
1152 521 1327 561 nominis
1363 522 1548 562 furorem
1578 524 1881 575 quodammodo
1909 523 2146 563 retrinxisse

219 601 366 649 cred03
399 601 468 652 qui
500 613 597 640 vero
623 601 724 657 joam,
757 601 1008 653 Imperatore
1039 600 1216 639 Eboraci
1249 599 1316 638 die
1344 601 1372 639 4
1391 601 1606 642 Februarii
1635 603 1820 656 ejusdem
1850 604 1943 644 anni
1970 605 2146 649 mortuo,

219 683 262 719 et
302 679 388 718 filio
436 679 525 732 ejus
566 679 772 720 Caracalla
820 680 1059 732 reipublicae
1102 680 1216 719 clavo
1256 679 1449 729 admoto,
1500 680 1612 720 haud
1649 683 1822 734 amplius
1863 681 2147 721 cohibebatur.

216 758 433 798 Facillime
457 770 558 798 'sane
582 752 860 799 accusationes
889 760 932 799 in
964 759 1117 799 amicos
1147 758 1266 798 Getae
1299 758 1561 812 Imperatoris
1595 773 1618 799 a
1645 759 1774 799 fratre
1802 760 1911 812 inter
1936 759 2144 812 amplexus

215 837 355 876 matris
397 837 522 876 occisi
565 836 775 876 intentatae
817 851 955 877 ausam
998 835 1200 889 praebere'
1230 841 1451 891 potuerunt
1499 840 1613 878 novis
1659 838 1851 878 adversus
1888 837 2144 878 Christianos

215 915 380 955 saevitiis
427 914 682 953 exercendis.
755 915 842 954 Pro
886 921 1017 955 tanta
1058 919 1339 964 innocentia,
1388 917 1587 957 exclamat
1625 917 1901 957 Tertullianus
1929 917 1958 956 1.
1983 927 2020 955 c.
2057 927 2142 970 pro

215 999 345 1034 tanta
370 993 626 1046 probitate,
662 1006 746 1047 pro
776 994 983 1047 justitia,
1022 1006 1104 1048 pro
1130 993 1378 1047 pudicitia,
1424 1008 1508 1047 pro
1532 996 1650 1048 fide,
1690 1010 1776 1050 pro
1808 998 2021 1043 veritate,
2053 1006 2140 1048 pro

213 1072 307 1113 Deo
340 1073 436 1112 vivo
467 1085 735 1120 cremamur,
776 1073 891 1127 quod
921 1086 1003 1113 nec
1039 1073 1274 1126 sacrilegi,
1320 1085 1400 1112 nec
1438 1072 1583 1113 hostes
1606 1074 1771 1128 publici
1799 1076 1917 1122 veri,
1960 1086 2040 1113 nec
2072 1077 2139 1112 tot

306 1267 424 1301 cellus
445 1266 624 1309 ostendit,
650 1266 811 1311 ideoque
831 1267 1079 1312 Rescriptum
1104 1267 1152 1300 ad

306 1346 364 1371 an.
386 1336 466 1371 204.
487 1337 620 1371 refert.
670 1338 755 1370 Hoc
783 1337 1014 1381 rescriptum
1050 1339 1151 1372 forte

305 1407 543 1441 occasionem
574 1406 678 1441 dedit
706 1407 839 1441 canoni
864 1407 1016 1441 concilii
1045 1407 1150 1442 illius

307 1476 634 1523 Carthaginiensis
673 1488 704 1510 c.
739 1477 874 1510 XXIV.
914 1478 1060 1520 relato,
1103 1478 1149 1512 de

304 1557 379 1590 quo
427 1547 640 1592 Cyprianus
683 1546 854 1590 loquitur
902 1557 960 1590 ep.
990 1547 1031 1581 1:
1090 1548 1150 1581 Ne

302 1616 382 1660 quis
421 1618 548 1659 frater
591 1617 764 1651 excedens
806 1616 855 1650 acl
895 1617 1049 1650 tutelam
1091 1617 1149 1651 vcl

303 1697 429 1720 curam
447 1687 623 1721 Clericum
644 1688 858 1720 nominaret.
908 1686 982 1720 Sed
1004 1687 1149 1721 incerta

303 1759 361 1791 est
384 1767 458 1799 res,
485 1768 604 1802 quum
629 1756 757 1791 omnia
778 1757 964 1801 pendeant
992 1769 1011 1790 e
1046 1769 1147 1801 quae-

300 1826 422 1861 stione
445 1827 525 1870 illa,
554 1838 601 1862 an
626 1826 856 1871 rescriptum
875 1827 1009 1861 Severi
1031 1827 1146 1861 Chri-

300 1897 443 1932 stianos
464 1897 700 1942 respexerit3
737 1897 838 1941 quod
872 1897 1028 1941 quidem
1052 1899 1145 1932 Cra-

300 1978 453 2010 merus‚
489 1979 603 2012 quem
638 1967 712 2002 hac
745 1968 790 2001 dc
820 1978 862 2000 re
901 1978 970 2011 par
1013 1968 1145 2002 literas

300 2036 493 2079 consului,
529 2040 667 2084 negat,
703 2049 822 2082 quum
850 2037 889 2071 in
923 2038 1143 2082 provinciis,

298 2106 368 2140 ubi
413 2117 549 2150 praeses
602 2107 774 2141 omnium
827 2108 945 2152 primi
999 2107 1142 2142 ordinis

296 2175 593 2222 magistratuum
606 2177 830 2211 urbicorum
848 2177 950 2211 vices
970 2178 1141 2223 gerebat,

297 2246 453 2291 quaestio
484 2246 551 2282 illa
583 2247 738 2282 facilius
767 2246 936 2281 suboriri
961 2247 1141 2291 potuerit,

296 2317 416 2360 anjus
427 2317 486 2352 illi
508 2320 606 2352 esset
624 2318 827 2351 mandandi
836 2317 1140 2359 jurisdictionem,

295 2399 377 2432 quae
404 2398 493 2421 eum
512 2388 665 2432 Imperio
685 2387 799 2421 facile
822 2387 1139 2420 confundebatur.

295 2457 339 2492 Si
372 2456 496 2503 igitur
526 2457 686 2491 dubium
711 2460 814 2499 erat,
847 2454 978 2490 utrum
1009 2459 1138 2500 postu-

294 2526 389 2561 latio
413 2526 581 2571 suspecti
600 2527 647 2560 ad
670 2527 744 2560 hoc
771 2537 818 2560 an
850 2526 898 2560 ad
927 2526 1024 2559 illud
1051 2537 1136 2570 per-

294 2596 448 2638 tineret,
481 2607 555 2630 non
583 2600 640 2631 est
669 2596 769 2641 quod
796 2595 984 2630 miremur
1009 2596 1137 2641 Impe-

292 2671 462 2703 ratorem
490 2667 706 2703 consultum
741 2666 871 2702 fuisse.
919 2666 977 2701 Ex
1006 2665 1135 2702 verbis

1294 1279 1387 1302 vero
1436 1269 1552 1313 hujus
1601 1267 1699 1313 legis
1738 1269 1865 1312 patet,
1904 1265 2139 1302 Antoninum

1295 1336 1572 1383 (Caracallam)
1614 1350 1704 1372 cum
1750 1338 1840 1372 divo
1884 1331 2037 1371 Severo'
2076 1346 2138 1371 re-

1292 1406 1496 1450 spondisse.
1552 1408 1655 1454 Ergo
1697 1419 1772 1441 non
1810 1407 1945 1442 Severi
1982 1410 2038 1442 est
2071 1405 2138 1441 sed

1293 1476 1519 1520 Cal-acellae,
1555 1477 1622 1522 qui
1660 1477 1766 1522 prior
1809 1476 2048 1520 nominatur,
2098 1480 2138 1511 et

1292 1545 1455 1579 fortasse
1503 1546 1694 1590 antiquius
1736 1547 1854 1591 patris
1905 1546 2135 1591 rescriptum

1292 1615 1459 1659 repetiit.
1530 1617 1621 1660 Quae
1649 1627 1741 1649 vero
1792 1615 1824 1649 si
1857 1616 1911 1650 ita
1948 1619 2056 1657 sunt,
2094 1615 2133 1650 in

1291 1685 1563 1728 persecutionis
1589 1685 1802 1720 Severiauae
1828 1688 2002 1731 tempora
2029 1684 2135 1720 haud

1291 1755 1404 1789 cadit.

1294 1850 1423 1893 Quum
1460 1849 1723 1884 Tertullianus
1754 1850 1898 1884 librum
1930 1850 1977 1884 de
2008 1849 2131 1885 Pallio

1286 1919 1485 1962 scriberet,
1506 1920 1611 1963 pacis
1631 1920 1706 1953 otia
1729 1924 1844 1953 erant.
1871 1919 1944 1953 e.1.
1969 1920 2026 1953 De
2039 1929 2131 1963 pace

1288 2000 1363 2033 qua
1405 1988 1615 2023 Christiani
1649 1990 1909 2030 fruebantur,
1944 1988 2131 2035 intelligit

1287 2071 1436 2104 quoque
1466 2058 1685 2093 Noesseltus
1716 2059 1762 2092 de
1791 2057 1930 2102 script.
1963 2058 2127 2094 Tertull.

1283 2129 1335 2163 II.
1365 2141 1400 2173 p.
1423 2128 1482 2162 31.

1290 2245 1335 2280 In
1359 2256 1452 2291 rego
1476 2246 1515 2279 et
1538 2242 1577 2277 in
1599 2243 1727 2278 ferrea
1745 2243 1929 2278 cathedra
1954 2242 2127 2294 (καθέδρᾳ

1285 2315 1404 2362 σιδηρᾷ
1449 2326 1484 2350 v.
1519 2312 1662 2359 τηγάνῳ)
1707 2313 1769 2347 cui
1807 2312 2125 2359 imponebantur,

1286 2389 1488 2429 antequam
1512 2383 1646 2418 bestiis
1666 2383 1936 2427 objicerentur,
1967 2387 2009 2420 ut
2019 2384 2124 2421 Mar-

1283 2459 1386 2501 tyres
1415 2455 1588 2489 nonnulli
1615 2454 1898 2500 Lugdunenses.
1917 2465 1952 2489 v.
1971 2454 2122 2500 Episto-

1279 2526 1358 2559 lam
1382 2526 1524 2559 Eccles.
1545 2523 1767 2558 Viennensis
1797 2526 1834 2557 et
1857 2523 2121 2575 Lugdunensis

1280 2606 1338 2639 ap.
1374 2595 1511 2629 Euseb.
1544 2595 1594 2628 H.
1617 2594 1658 2628 E.
1686 2593 1770 2627 Lib.
1800 2594 1842 2627 V.
1869 2594 1944 2628 1-4.
1986 2593 2120 2629 Routh

1277 2664 1364 2700 Rel.
1385 2665 1508 2701 Saerae
1532 2665 1562 2699 1.
1580 2677 1615 2710 p.
1635 2663 1716 2699 282.
1738 2662 1818 2698 287.
1840 2661 1919 2697 288.
