2341 3340
1166 130 1268 178 212

255 281 563 329 crediderunt,
603 277 764 330 etipse
801 274 967 330 Pudens
1006 273 1146 322 miles,
1193 270 1305 324 optio
1343 267 1626 325 (praepositus)
1670 257 1874 319 carceris,
1920 268 2174 311 Christianus

256 364 451 414 deinceps
482 360 634 407 faetus,
667 355 851 408 martyrii
879 365 1072 394 coronam
1095 350 1273 403 'adeptus
1304 352 1380 398 est,
1410 350 1612 388 incertum
1645 360 1724 399 quo
1756 350 1962 401 tempore3
1997 359 2177 389 comme-

254 445 436 485 moratur
460 451 559 480 ·vero
588 438 631 477 in
657 435 902 475 Kalendario
937 429 1261 484 Carthaginiensi
1291 427 1345 468 ad
1380 427 1438 467 III
1468 427 1556 468 Kal.
1584 426 1688 480 Maji
1705 426 1754 466 18.

435 520 478 560 4.
548 515 700 568 Magna
743 515 823 555 fuit
863 514 1011 553 horum
1049 510 1279 561 Martyrum
1314 519 1390 560 per
1426 506 1678 558 subsequens
1716 509 1876 558 tempus
1911 504 1955 544 in
1989 504 2180 545 universa

257 602 400 644 Africa
438 597 661 638 veneratio.
745 594 964 645 Perpetuae
1010 589 1196 630 meminit
1239 585 1519 626 Tertullianus
1569 597 1729 625 coaevus
1777 584 1829 624 de
1868 584 2000 625 anima
2042 596 2078 624 c.
2098 583 2174 625 55.

260 678 478 735 Quomodo
513 677 764 731 Perpetua,
792 672 1047 726 fortissima
1085 669 1287 721 Martyr,
1326 665 1401 706 sub
1443 665 1514 705 die
1555 665 1778 718 passionis
1812 665 1859 705 in
1904 665 2177 705 revelatione

255 758 463 815 paradisi
499 757 615 797 solos
659 755 751 795 illic
790 753 1114 804 Commarcyres
1157 759 1257 788 suos
1299 744 1423 786 vidit.
1500 741 1724 795 Augustini
1757 745 1930 793 quatuor
1972 742 2177 782 habentur

258 840 453 879 tractatus
496 834 548 873 de
584 833 707 872 natali
747 831 964 880 Perpetuae
1007 831 1049 867 et
1085 825 1313 866 Felicitatis
1329 821 1383 872 ¹⁹,
1434 825 1477 862 et
1516 822 1664 874 saepius
1699 820 1811 860 idem
1846 820 2000 860 Doctor
2037 820 2090 860 de
2124 820 2176 861 iis

258 914 458 966 loquitur,
500 922 603 962 quos
636 920 778 948 omnes
804 908 919 946 locos
949 905 1117 956 collegit
1143 900 1440 941 Holstenius20.
1495 901 1597 941 Acta
1619 900 1810 952 Martyrii
1839 911 1978 938 earum
2015 898 2177 950 publice

257 996 300 1035 in
317 991 503 1033 Ecclesia
533 989 726 1029 Africana
750 986 932 1039 perlecta
959 978 1184 1023 fuerunt21.
1245 979 1292 1019 In
1311 978 1476 1017 Canone
1492 978 1635 1018 Missae
1665 979 1862 1019 Romanae
1891 977 2177 1028 veteribusque

256 1069 565 1124 Martyrologiis
609 1067 806 1107 memoria
849 1076 989 1103 earum
1032 1062 1163 1101 exstat
1182 1058 1232 1097 ²2.
1307 1056 1488 1110 Sepultae
1529 1056 1698 1096 fuerunt
1739 1058 1783 1095 in
1821 1057 1995 1096 Basilica
2032 1056 2181 1109 majori

259 1148 609 1204 Carthaginiensi,
645 1149 691 1185 ut
725 1144 917 1198 perhibet
948 1140 1092 1183 Victor
1126 1137 1305 1180 vitensis
1338 1135 1644 1176 Persecutionis
1682 1133 1850 1175 vandal.
1878 1133 2004 1173 Libro
2034 1134 2085 1184 I.>
2122 1135 2179 1176 Et

257 1233 293 1274 si
322 1231 439 1285 plura
465 1227 727 1280 superessent
758 1224 904 1276 priscae
936 1219 1137 1261 Ecclesiae
1162 1216 1368 1257 Africanae
1390 1217 1678 1263 monumenta,
1725 1213 1837 1254 haud
1872 1212 1996 1254 dubie
2037 1226 2178 1255 earum

255 1310 397 1376 laudes
429 1307 653 1360 saepissime
681 1305 725 1364 in
751 1303 868 1343 hisce
897 1299 1123 1341 celebratas
1154 1297 1398 1349 legeremus.
1470 1293 1626 1333 Mirum
1658 1306 1770 1342 vero,
1798 1306 1821 1333 a
1851 1264 2076 1345 Cypriane,
2108 1293 2178 1346 qui

258 1395 394 1429 tamen
425 1387 469 1428 in
495 1384 684 1425 laudibus
704 1381 886 1435 martyrii
912 1384 996 1420 tam
1019 1378 1197 1418 disertus
1226 1377 1301 1424 est,
1334 1385 1402 1413 eas
1428 1385 1483 1413 ne
1508 1373 1634 1413 verbo
1665 1371 1830 1425 quidem
1855 1371 2178 1412 commemorari.

260 1472 2176 1497 W

279 1543 318 1572 18
340 1541 547 1577 Marcellus
565 1536 702 1573 statuit
732 1548 767 1581 p.
781 1534 839 1569 62.
864 1532 1078 1568 Pudentem
1099 1541 1195 1565 anno
1265 1527 1303 1557 2⁰
1326 1529 1371 1564 In
1399 1528 1577 1563 Editione
1606 1528 1796 1563 Passionis
1824 1538 1955 1562 earum
1983 1537 2006 1562 a
2027 1525 2178 1563 Valesio

351 1612 432 1648 204.
458 1607 684 1646 duodecimo
705 1604 866 1650 Imperii
885 1600 1084 1638 Severiani
1110 1610 1196 1645 pas-
1339 1602 1471 1634 curata
1497 1610 1532 1643 p.
1555 1595 1612 1632 39.
1634 1607 1737 1641 sequ.

352 1693 438 1720 sum
465 1691 558 1723 ‘³³³⁶’
594 1689 713 1723 quum
731 1677 864 1710 R⁰¹¹¹ae
889 1671 972 1707 hun
1005 1671 1196 1705 secalffl'es
1265 1690 1299 1721 21
1326 1691 1558 1737 Augustinus
1589 1689 1771 1724 Sermone
1791 1688 1826 1724 Ι.
1855 1688 1902 1723 de
1921 1686 1960 1724 S.
1978 1687 2016 1724 S.
2036 1687 2182 1734 Perpe-

353 1751 660 1791 celebrarentur,
699 1747 738 1782 in
763 1754 925 1790 quorum
953 1742 1082 1776 locum
1111 1740 1195 1774 Ru-
1337 1765 1404 1796 tua
1431 1763 1469 1795 et
1490 1758 1704 1794 Felicitate.

353 1823 451 1859 finus
487 1817 698 1855 Proconsul
733 1816 851 1851 caecles
888 1811 1196 1848 christianorum

354 1893 504 1929 edebat·
1265 1855 1303 1886 2²
1328 1853 1466 1890 Omnia
1482 1853 1562 1888 haec
1584 1851 1744 1887 collecta
1763 1850 2011 1897 reperiuntur
2035 1849 2074 1887 in
2095 1850 2177 1886 edi-

466 1960 468 1962 ,
1337 1925 1440 1962 tione
1460 1922 1659 1959 Valesiana
1688 1934 1723 1968 p.
1745 1921 1803 1957 60.
1828 1925 1867 1957 et
1887 1921 1968 1958 248.

283 1985 319 2014 ¹⁹
343 1985 555 2022 Tillemont
575 1979 781 2017 Memoires
804 1978 874 2016 111.
901 1990 935 2025 p.
957 1976 1014 2013 60.
1036 1975 1122 2024 291.⁴
