2341 3340
1085 145 1181 193 95-

164 287 303 328 seculo
332 285 389 329 IV
416 286 540 327 hasce
577 285 884 339 superstitiones
918 284 1099 325 nondum
1131 284 1301 326 abolitas
1336 291 1379 326 et
1407 287 1599 329 oblivioni
1629 292 1795 334 traditas
1827 294 1955 335 fuisse
1983 308 2073 336 cer-

165 378 320 406 namus.
377 366 489 406 Alias
510 367 617 405 enim
635 365 746 404 haud
769 376 868 416 opus
894 363 1053 413 fuisset,
1084 367 1131 403 ut
1155 376 1284 403 canon
1305 364 1374 413 89,
1399 367 1466 416 qui
1485 366 1649 419 Synodo
1675 369 1731 411 IV
1747 371 2072 426 Carthaginiensi

161 445 284 498 vulgo
308 445 512 492 tribuitur,
544 444 598 483 de
623 444 689 483 his
715 445 791 497 qui
817 445 1018 497 auguriis
1047 445 1114 484 vel
1145 445 1518 495 incantationibus
1543 448 1612 487 vel
1633 449 1829 490 Judaicis
1855 455 2065 505 supersti-

160 525 351 565 tionibus
375 524 589 569 serviunt,
621 522 757 573 legem
785 523 957 562 tulisset.
1016 522 1100 562 Sed
1122 522 1276 561 cultum
1298 535 1458 573 quoque
1476 523 1658 566 Astartes
1680 528 1745 566 vel
1767 527 1984 568 Tholathae
2004 531 2070 570 vix

160 603 282 655 longo
311 604 405 641 ante
431 601 700 652 Augustinum
729 581 850 653 atque
881 601 1111 641 Salvianum
1138 601 1437 655 Massiliensem
1466 604 1653 655 tempore
1680 606 1787 645 inter
1816 606 2069 649 Christianos

158 680 280 720 Afros
308 680 428 732 plane
458 680 641 729 desiisse,
671 680 810 732 itaque
842 681 1059 732 antiquiori
1081 683 1199 722 aetate
1218 680 1346 720 multo
1362 682 1487 733 magis
1510 683 1698 732 valuisse,
1729 688 1772 724 et
1796 697 1878 724 non
1905 686 2069 737 quidem

156 758 261 812 apud
285 760 553 812 plebeculam,
582 758 655 798 sed
683 760 868 811 inprimis
897 759 1005 812 apud
1033 759 1204 807 nobiles,
1237 760 1353 798 testis
1383 763 1445 799 est
1471 760 1582 800 idem
1604 760 1812 802 Salvianus
1833 764 1938 803 libro
1960 764 2068 806 VIII.

157 837 210 878 de
244 838 548 879 Gubernatione
584 838 661 895 Dei
698 850 733 877 c.
760 838 799 877 2.
832 852 874 891 p.
905 838 1000 878 187.
1059 838 1198 878 Baluz.
1230 839 1540 888 Tolerabilior,
1576 840 1633 880 ita
1665 842 1773 882 enim
1799 843 1877 891 ait,
1912 845 2069 898 quippe

157 922 222 958 est
251 925 296 958 et
326 919 471 958 minus
506 918 684 969 nefaria
713 919 944 970 gentilitas
975 919 1022 957 in
1061 917 1299 957 hominibus
1332 920 1620 970 professionis
1655 934 1759 961 suae.
1818 923 1942 963 Illud
1959 938 2062 978 per-

155 997 360 1036 niciosius
393 1010 444 1036 ac
477 998 724 1044 scelestius,
767 996 884 1049 quod
912 997 1044 1036 multi
1075 1009 1248 1043 eorum,
1289 997 1366 1049 qui
1392 999 1708 1050 professionem
1741 1001 1912 1042 Christo
1946 1003 2064 1043 dica—

155 1078 337 1122 verant,
388 1080 533 1115 mente
568 1075 703 1115 Idolis
746 1075 1006 1116 serviebant.
1089 1075 1191 1127 Quis
1230 1076 1343 1114 enim
1386 1089 1475 1115 non
1516 1090 1686 1125 eorum,
1722 1081 1798 1132 qui
1827 1081 2071 1122 Christiani

153 1153 492 1206 appellabantur
516 1183 529 1202 ,
581 1154 819 1194 Coelestem
856 1155 979 1194 illam
1018 1175 1076 1182 —-
1113 1166 1232 1204 quam
1269 1153 1384 1192 brevi
1417 1157 1511 1192 ante
1557 1157 1816 1197 intestinum
1853 1160 2065 1210 Afrorum

151 1232 288 1272 scelus
315 1232 587 1283 appellaverat
613 1254 670 1262 —-
700 1237 776 1273 aut
800 1237 904 1287 post
932 1233 1149 1272 Christum
1174 1213 1392 1278 adoravit,
1423 1236 1514 1279 aut,
1545 1233 1660 1287 quod
1675 1234 1804 1287 pejus
1827 1241 1894 1275 est
1912 1239 2064 1285 multo,

152 1314 384 1364 antequam
418 1312 666 1352 Christum?
725 1312 831 1362 Quis
859 1323 948 1350 non
984 1309 1350 1350 daemoniacorum
1383 1312 1695 1365 sacrificiorum
1724 1313 1878 1354 nidore
1906 1316 2066 1369 plenus

152 1388 314 1429 divinae
351 1389 502 1429 domus
535 1391 665 1430 limen
700 1390 888 1436 introiit,
920 1393 965 1428 et
998 1403 1094 1429 cum
1116 1391 1298 1442 foetore
1327 1391 1419 1443 ipso
1449 1389 1691 1431 daemonum
1721 1392 1888 1432 Christi
1921 1394 2077 1434 altare·

152 1467 416 1515 conscendit,
448 1473 499 1509 ut
527 1482 615 1508 non
647 1475 738 1509 tam
766 1470 968 1509 immanis
998 1469 1192 1509 criminis
1209 1468 1402 1519 fuisset,
1441 1468 1500 1508 ad
1529 1471 1737 1523 templum
1765 1471 1949 1511 Domini
1974 1485 2063 1512 non

151 1545 322 1593 venire,
358 1560 483 1600 quam
518 1549 580 1587 sic
609 1549 791 1588 venire?
822 1575 1060 1589 .........
1107 1548 1224 1588 Ecce
1251 1560 1348 1600 quoe
1376 1548 1588 1599 Afrorum
1605 1577 1618 1595 ,
1659 1553 1703 1589 et
1730 1551 1916 1589 maxime
1945 1551 2062 1591 nobi—

152 1622 412 1665 lissimorum
429 1626 559 1679 fides,
592 1640 685 1679 quoe
714 1628 887 1680 religio,
917 1640 1011 1680 quae
1036 1627 1349 1666 Christianitas
1369 1627 1494 1677 fuit!
1533 1627 1804 1667 Dicebantur
1822 1629 2067 1669 Christiani

149 1701 209 1741 ad
232 1705 535 1742 contumeliam
567 1704 742 1744 Christi.
801 1704 865 1742 Ex
896 1703 1013 1742 hisce
1042 1702 1217 1742 Salviani
1247 1702 1395 1750 verbiS,
1425 1686 1535 1742 omni
1562 1704 1881 1744 rhetoricatione
1913 1705 2061 1756 demta,

148 1780 214 1820 vix
242 1780 353 1820 aliud
383 1780 520 1832 colligi
547 1781 721 1831 poterit,
760 1782 860 1828 nisi,
897 1781 1007 1820 haud
1042 1782 1099 1820 ita
1130 1781 1266 1819 multis
1299 1784 1392 1819 ante
1423 1793 1515 1819 eum
1546 1782 1660 1820 annis
1691 1782 1818 1821 fuisse
1846 1784 1891 1823 in
1922 1784 2062 1826 Africa

149 1859 218 1909 qui
256 1857 463 1897 Christum
498 1860 540 1896 et
574 1858 765 1898 Astarten
800 1858 920 1897 simul
954 1858 1148 1897 colerent.
1226 1858 1327 1907 Quae
1361 1858 1525 1908 quidem
1561 1841 1808 1912 ejus³verba
1841 1861 2061 1904 admonent

150 1936 332 1989 epistolae
362 1937 485 1985 illius,
530 1948 648 1987 quam
679 1937 908 1977 Hadrianus
936 1935 1140 1990 Augustus
1183 1935 1234 1975 ad
1274 1935 1510 1976 Servianum
1546 1950 1596 1977 ex
1633 1938 1810 1991 AEgypto
1850 1940 1993 1991 dedit,
2037 1956 2060 1982 a

149 2015 324 2068 Vopisco
373 2016 417 2055 in
463 2016 544 2055 vita
587 2015 810 2056 Saturnimi
856 2030 897 2069 p.
934 2014 1030 2054 959.
1063 2014 1271 2054 Schrevel.
1323 2018 1518 2054 servatam
1537 2045 1550 2066 ‚
1595 2017 1639 2056 in
1692 2031 1769 2069 qua
1815 2018 2058 2073 Imperator:

150 2096 253 2142 Illi,
294 2096 367 2149 qui
393 2095 584 2150 Serapin
617 2098 786 2144 colunt,
829 2096 1073 2137 Christiani
1100 2099 1224 2141 sunt,
1265 2099 1310 2134 et
1351 2094 1501 2134 devoti
1535 2101 1641 2136 sunt
1675 2097 1868 2150 Serapi,
1915 2101 1989 2152 qui
2012 2115 2058 2141 se

151 2173 314 2214 Christi
337 2175 580 2228 Episcopos
611 2175 760 2215 dicunt
776 2189 793 2221 ;
843 2174 943 2213 licet
973 2173 1141 2213 minime
1172 2173 1294 2213 statui
1328 2174 1481 2225 possit,
1521 2174 1599 2213 etsi
1625 2176 1809 2215 nonnulli
1838 2176 2058 2220 Christiani

149 2251 330 2303 ilfigyptii
357 2252 483 2291 cultui
512 2252 718 2312 Serapidis
744 2251 856 2292 haud
877 2253 997 2305 plane
1020 2252 1324 2302 valedixissent‚
1358 2253 1610 2293 Christianos
1641 2266 1803 2306 quoque
1830 2257 2056 2310 episcopos,

151 2342 251 2380 quos
279 2331 519 2379 ceteroquin
541 2344 591 2371 eo
620 2335 804 2386 tempore
819 2331 1032 2384 AEgyptus,
1063 2335 1214 2384 praeter
1239 2345 1365 2373 unum
1387 2332 1690 2382 Alexadrinum,
1720 2334 1830 2373 haud
1860 2335 2055 2385 habuit1⁵‚

175 2460 208 2488 15
231 2461 662 2506 EutychiiPatriarchae
679 2464 927 2499 Alexandrini
947 2464 1077 2510 origi-
1218 2475 1479 2510 perseverasse
1514 2443 1633 2509 usque
1663 2465 1710 2498 ad
1742 2468 1915 2510 tempora
1940 2467 2055 2502 Alex-

243 2542 308 2566 ncs
331 2532 496 2566 ecclesia:
521 2544 596 2567 suoe
618 2535 674 2569 ed.
693 2535 752 2570 Jo.
781 2534 935 2569 Seldcni
956 2533 1074 2578 (Lon—
1193 2519 1202 2524 l
1217 2533 1348 2576 andri,
1383 2533 1448 2578 qui
1478 2534 1626 2568 Nicaeno
1665 2535 1833 2570 Concilio
1865 2535 2051 2572 interfuit.

245 2601 325 2635 dini
350 2601 473 2647 1642.)
503 2615 537 2648 p.
566 2615 655 2638 xxx.
713 2604 850 2639 Refert
887 2604 920 2639 is
947 2604 1074 2639 Patri-
1101 2650 1126 2659 -
1214 2604 1323 2639 Idem
1353 2604 1434 2637 fere
1461 2604 1580 2638 habet
1601 2604 1862 2650 Hieronymus
1895 2617 1951 2650 ep.
1971 2606 2049 2640 102-

246 2672 399 2706 archam
440 2683 462 2706 a
496 2672 693 2707 duodecim
716 2672 955 2719 Presbyteris
985 2685 1073 2709 con-
1219 2673 1286 2718 (al.
1297 2673 1373 2718 85.)
1400 2674 1447 2708 ad
1466 2663 1725 2720 Evangelum:
1746 2692 1792 2700 —-
1817 2675 1910 2720 quod
1934 2680 2054 2709 aute-m

245 2744 432 2776 secratum
462 2741 604 2784 fuisse,
640 2746 752 2787 atque
787 2743 888 2777 hunc
927 2755 1072 2780 morem
1209 2747 1340 2791 postea
1375 2756 1467 2779 unus
1505 2745 1638 2780 electus
1685 2750 1770 2787 est,
1817 2746 1880 2790 qui
1925 2746 2052 2780 ceteris
