2341 3340
1172 150 1272 198 230

265 305 393 356 patre,
422 298 597 339 Domino
626 297 774 351 gratias
797 295 875 349 egi,
902 292 1203 348 refrigeravit2²
1230 292 1412 335 absentia
1442 286 1565 335 illius.
1622 293 1670 335 In
1699 294 1787 347 ipso
1816 294 1945 348 spatio
1965 305 2183 347 paucorum

266 379 426 420 dierum
456 378 650 430 baptizati
678 389 830 426 sumus,
863 378 906 416 et
931 376 1032 415 mihi
1049 374 1223 428 Spiritus
1248 373 1427 425 dictavit,
1458 387 1540 415 non
1571 373 1682 414 aliud
1705 373 1930 427 petendum
1952 373 2003 417 ab
2026 372 2186 425 aqua²³,

266 459 346 501 nisi
373 457 652 499 sufferentiam
681 456 826 497 carnis.
940 502 941 505 Ἴ

447 538 549 578 Post
576 549 725 589 paucos
756 536 844 575 dies
870 533 1092 586 recipimur
1129 533 1174 572 in
1212 544 1420 572 carcerem
1440 531 1509 583 ἦξε
1548 535 1591 571 et
1627 532 1791 584 expavi,
1838 531 1932 583 quia
1970 541 2188 582 numquam

269 620 437 670 experta
469 629 580 656 eram
603 616 705 656 tales
735 614 978 655 tenebras25.
1041 612 1077 652 O
1109 611 1218 652 diem
1245 611 1453 664 asperum!
1484 614 1607 651 aestus
1629 611 1799 659 validus,
1829 610 2040 650 turbarum
2063 609 2190 648 bene-

268 697 365 736 ficio
376 696 413 725 2⁶
451 707 708 736 concussurae
737 695 910 734 militum
924 693 980 732 2⁷:
1025 692 1245 733 novissime
1274 691 1510 732 macerabar
1545 689 1807 745 solicitudine
1842 688 2010 729 infantis
2021 686 2072 727 23.
2128 685 2192 726 Ibi

269 779 368 816 tuuc
401 774 572 815 Tertius·
600 778 644 814 et
671 772 934 827 Pomponius,
974 772 1186 813 benedicti
1203 769 1418 811 Diaconi2⁹
1457 770 1527 822 qui
1552 769 1682 810 'nobis
1710 765 2056 816 ministrabantffl’,
2095 778 2192 806 con-

269 853 491 895 stituerunt
515 853 685 905 praemio
701 879 712 900 ,
751 855 797 889 ut
824 852 963 902 paucis
993 850 1106 889 horis
1127 849 1266 889 emissi
1293 849 1335 889 in
1359 849 1572 889 meliorem
1603 848 1738 888 locum
1771 847 1948 886 carceris
1975 845 2194 897 refrigera-

1869 925 1960 979 Ego
1995 924 2195 974 infantem

270 943 408 972 remus
421 930 470 969 3¹.
542 929 661 969 Tunc
704 930 902 968 exeuntes
952 926 1006 966 de
1050 938 1216 965 carcere
1253 927 1432 966 universi
1472 928 1552 967 sibi
1584 927 1802 975 vacabant.-

294 1086 333 1116 22
359 1086 488 1122 Graece
510 1082 686 1122 ἀνέπαυσεν
708 1084 772 1120 vel
797 1085 1026 1119 ὃιανέπαυσεν·
1057 1080 1214 1127 requiem
1284 1079 1322 1110 23
1351 1079 1517 1126 Elegans
1552 1079 1759 1115 admodum
1787 1084 1825 1115 et
1863 1081 1993 1133 nativa
2031 1076 2197 1114 materni

367 1156 469 1191 dedit
490 1181 502 1198 ‚
552 1156 655 1199 juvit
676 1181 690 1198 ‚
739 1154 1015 1190 consolationem
1062 1152 1213 1194 attulit,
1356 1149 1498 1185 amoris
1530 1149 1734 1195 expressio.
1796 1150 1850 1185 H.

372 1227 474 1271 quod
494 1226 639 1272 legitur
659 1237 718 1271 ap.
741 1225 952 1260 Eusebium
971 1225 1021 1258 H.
1045 1223 1089 1258 E.
1110 1222 1216 1258 VIII.

371 1307 402 1330 c.
415 1296 472 1330 10.
500 1297 551 1331 H.
587 1296 655 1331 alii
674 1296 780 1331 codd.
799 1295 1033 1340 refrigerata
1048 1305 1136 1327 sum.
1166 1293 1214 1327 R.

1285 1241 1322 1272 29
1348 1242 1535 1279 Diacones.
1621 1242 1672 1280 R.

1286 1327 1323 1357 30
1346 1328 1489 1363 Notum
1508 1331 1565 1364 est
1586 1341 1631 1364 ex
1651 1328 1814 1365 historia
1833 1328 2088 1365 ecclesiastica
2103 1327 2196 1365 Dia-

371 1365 447 1402 Sed
493 1366 742 1402 Graeeismum
784 1365 897 1400 malo.
956 1362 1216 1409 Refrigeravz't

370 1439 554 1481 praeterea
574 1436 612 1470 in
632 1435 718 1470 aliis
743 1435 836 1470 actis
863 1433 1054 1469 Africanis
1086 1433 1216 1467 obser-

371 1506 480 1556 vavit
508 1490 731 1539 Ruinartus.

300 1575 337 1604 23
361 1574 394 1610 A
414 1574 455 1609 vi
474 1574 603 1609 divina
623 1586 710 1609 cum
733 1584 832 1620 aqua
851 1570 1118 1609 sacramentali
1129 1582 1217 1607 con-

369 1644 514 1689 juncta.
564 1644 777 1680 Ruinartus
796 1645 915 1679 habet
933 1645 971 1678 in
989 1653 1102 1688 aqua:
1129 1643 1168 1676 h.
1187 1653 1217 1676 c.

372 1714 414 1749 in
447 1714 528 1760 ipso
559 1715 741 1760 baptismi
772 1717 965 1750 momento
984 1738 994 1756 ,
1032 1724 1150 1758 quum
1179 1711 1221 1747 in

374 1794 513 1829 aquam
539 1785 839 1831 demergeretur.
886 1784 1063 1820 Priorem
1085 1781 1220 1817 lectio-

373 1867 462 1890 nem
508 1855 788 1900 praeferendam
833 1855 943 1890 duco.
996 1851 1222 1889 Holstenius

376 1924 674 1971 intelligendum
712 1928 822 1970 putat
851 1925 897 1959 de
926 1927 1125 1969 tempore:
1173 1922 1220 1956 ab

375 2008 415 2031 eo
445 1996 529 2030 inde
559 1999 718 2039 tempore
741 2007 808 2040 quo
830 1994 1046 2039 baptismum
1067 1991 1219 2036 suscepi.

306 2088 342 2118 24
367 2086 524 2123 Phrasis
549 2086 587 2121 in
608 2086 702 2121 actis
725 2085 779 2121 M.
799 2084 853 2120 Μ.
879 2096 975 2130 saepe
995 2083 1120 2119 obvia.
1167 2083 1220 2118 Η.

305 2174 343 2203 ²5
368 2173 490 2208 Habet
520 2172 690 2206 tenebras
712 2182 858 2212 carcer,
891 2170 954 2205 sed
982 2170 1103 2204 lumen
1136 2168 1221 2204 estis

377 2242 458 2289 ipsi.
507 2240 671 2276 Tertull.
694 2240 742 2275 ad
763 2240 927 2285 Mai-tyr.
955 2251 986 2274 c.
1001 2239 1036 2275 2.

308 2328 345 2358 26
370 2329 498 2363 AEstus
519 2336 680 2372 magnus
714 2326 762 2360 ob
789 2324 1024 2359 inclusorum
1045 2320 1224 2358 multitu-

385 2398 526 2434 dinem.
582 2396 615 2431 V
613 2396 730 2430 alidos
744 2395 791 2429 R.
817 2395 1006 2429 turbarum
1027 2392 1223 2437 beneficio:

378 2468 440 2503 τοῦ
474 2465 577 2511 ὄχλου
607 2464 715 2513 χάριν,
772 2465 825 2500 Η.

310 2554 347 2584 27
373 2550 524 2599 ὠθισμὸς
555 2562 614 2597 ap.
643 2550 876 2596 Procopium
914 2548 1050 2586 histor.
1080 2556 1225 2582 arcanae

384 2635 471 2670 pag.
499 2622 651 2657 ultima.
701 2620 799 2655 Nota
828 2619 999 2656 militum
1019 2616 1226 2652 barbaram

384 2693 583 2729 feritatem
603 2690 642 2726 in
661 2691 820 2733 vinctos,
844 2690 953 2734 cujus
975 2690 1032 2724 tot
1051 2682 1226 2730 exempla

383 2764 527 2810 praebct
549 2760 713 2797 historia
731 2760 963 2807 Martyrum.
1011 2759 1060 2794 H.

1357 1409 1540 1432 conorum
1587 1399 1627 1433 in
1668 1400 1886 1434 carceribus
1927 1400 2197 1435 ministerium.

1355 1467 1413 1502 De
1449 1467 1514 1520 his
1551 1468 1764 1513 Cyprianus
1795 1469 1914 1514 Epist.
1942 1470 2002 1504 11.
2052 1470 2198 1514 Semper

1357 1537 1425 1571 sub
1467 1539 1751 1573 antecessoribus
1791 1540 1923 1573 nostris
1948 1541 2098 1582 factum
2130 1543 2196 1578 est,

1359 1610 1401 1641 ut
1437 1607 1592 1641 Diaconi
1636 1608 1687 1642 ad
1717 1620 1897 1643 carcerem
1941 1612 2199 1650 commeantes,

1359 1677 1567 1722 Martyrum
1623 1678 1804 1712 desideria
1843 1677 1998 1713 consiliis
2045 1677 2119 1712 suis
2165 1681 2201 1712 et

1359 1747 1624 1792 scripturarum
1648 1736 1650 1739 ‚
1680 1747 1873 1793 praeceptis
1937 1747 2200 1793 gubernarent.

1359 1817 1573 1853 Benedictos
1602 1816 1725 1852 dicit:
1767 1817 1831 1852 Sic
1863 1817 2127 1852 Tertullianus
2152 1817 2201 1852 ad

1359 1886 1524 1933 Martyr.
1539 1886 1623 1922 init.
1643 1890 1681 1922 et
1698 1886 1832 1932 saepios
1848 1887 1961 1921 hosce
1973 1886 2199 1920 Bene-dictos

1359 1961 1484 1993 vocat.
1531 1958 1630 1993 Item
1660 1957 1841 1991 mulieres
1874 1955 2123 1998 christianas,
2162 1959 2201 1991 et

1362 2027 1580 2072 Episcopus.
1605 2027 1656 2060 H.
1703 2025 1927 2061 HiDiaconi
1949 2026 1989 2060 in
2013 2026 2201 2071 excerptis

1361 2095 1561 2130 Mabillon.
1583 2095 1763 2129 dicuntur
1776 2095 1904 2130 Titius
1916 2099 1953 2130 et
1961 2095 2131 2131 Pontius.
2152 2096 2202 2132 R.

1293 2195 1328 2224 31
1353 2196 1468 2232 Hunc
1501 2193 1540 2229 in
1570 2185 1682 2230 usum
1717 2198 1756 2230 et
1792 2183 1959 2231 ecclesiae
1993 2200 2030 2232 et
2060 2197 2201 2243 singuli

1364 2265 1496 2302 fideles
1534 2263 1581 2298 de
1609 2264 1746 2310 opibus
1780 2264 1857 2299 suis
1892 2266 2122 2313 erogabant,
2160 2270 2203 2303 ut

1365 2333 1655 2371 confessoribus
1673 2338 1711 2369 et
1737 2334 1976 2380 Martyribus
1995 2336 2034 2371 in
2053 2347 2201 2372 carcere

1365 2405 1548 2441 alimenta
1589 2408 1788 2450 ceteraque
1827 2404 1916 2441 vitae
1959 2405 2128 2442 subsidia
2157 2417 2202 2442 ac

1364 2474 1577 2512 neccssaria
1615 2475 1822 2522 refrigeria
1857 2476 2201 2522 suppeditarentur,

1365 2549 1444 2588 aut,
1472 2545 1541 2581 ubi
1573 2555 1667 2590 opus
1694 2548 1815 2587 esset,
1850 2534 1876 2580 a
1902 2547 2101 2581 custodum
2128 2545 2202 2581 ini-

1365 2616 1510 2661 quitate
1537 2614 1806 2661 largitionibus
1835 2615 2126 2661 exprimeretur,
2155 2627 2202 2650 ne

1364 2685 1530 2722 miseriis
1549 2684 1644 2720 victi
1666 2688 1752 2720 ante
1776 2685 1902 2731 ipsum
1923 2688 2114 2721 certamen
2139 2685 2204 2720 de-

1365 2755 1532 2791 ficerent.
1582 2755 1753 2802 Conjecti
1777 2756 1927 2791 fuerant
1949 2754 1987 2790 in
2013 2765 2203 2791 carcerem
