2341 3340
1189 201 1290 250 220

284 349 524 392 Saturninus
559 343 786 386 Proconsul
828 344 959 386 dixit:
1015 346 1072 386 Et
1099 357 1174 385 nos
1211 344 1335 384 electi
1368 356 1528 394 sumus,
1577 349 1620 385 et
1657 345 1869 386 mitissima
1900 348 1964 385 est
1998 344 2200 398 elegantia

283 434 446 470 nostra:
482 429 526 466 et
546 425 733 478 juramus
764 438 840 478 per
868 425 1033 477 genium
1062 423 1218 464 domini
1248 422 1378 462 nostri
1397 421 1658 476 Imperatoris
1672 423 1709 472 ⁵;
1754 428 1797 464 et
1824 436 1898 476 pro
1929 424 2058 463 salute
2091 423 2202 464 illius

282 505 597 552 intercedimuS,
633 503 743 554 quod
772 507 815 544 et
841 517 913 544 vos
940 504 1079 545 facere
1105 501 1317 542 debuistis.
1383 500 1578 554 Speratus
1612 502 1734 542 dixit:
1797 500 1841 541 Si
1868 502 2104 553 tranquillas
2131 501 2202 542 ad-

283 587 427 628 hibeas
456 582 561 623 mihi
588 595 708 624 aures
737 586 841 633 tuas,
879 583 1012 624 dicam
1043 581 1284 634 mysterium
1314 580 1650 620 mansuetudinis.
1708 579 1949 620 Saturninus
1978 579 2205 620 Proconsul

285 666 415 705 dixit:
449 651 646 702 'Dicente
683 664 727 702 te
766 662 819 702 de
849 661 1066 714 mysterio,
1105 672 1188 700 non
1222 658 1398 699 inferam
1427 659 1532 699 mala
1549 659 1586 698 ⁶:
1628 662 1786 699 tantum
1810 659 1905 712 jura
1935 672 2010 712 per
2041 659 2206 712 genium

285 744 413 799 Regis
440 734 583 783 nostri'.
641 739 836 793 Speratus
869 740 991 781 dixit:
1021 739 1111 792 Ego
1121 722 1382 792 Imperatoris
1410 736 1553 777 mundi
1574 737 1739 789 genium
1756 738 1911 786 nescio,
1939 737 2013 778 sed
2037 736 2207 778 coelesti

286 824 376 865 Deo
408 821 531 862 meo⁷
561 820 718 868 servio,
762 833 886 871 quem
914 818 1050 859 nullus
1073 817 1286 858 hominum
1313 815 1445 865 vidit,
1482 828 1560 857 nec
1593 815 1737 856 videre
1769 819 1918 869 potest.
1974 815 2063 869 Ego
2097 816 2207 858 enim

288 914 370 943 non
409 899 568 938 furatus
605 909 697 935 sum
732 896 976 946 aliquand03
1025 895 1099 935 sed
1132 895 1422 947 quodcumque
1459 907 1616 945 emam,
1659 895 1860 935 tributum
1899 894 1977 942 do,
2019 894 2210 945 quoniam

288 989 497 1032 cognosco
527 987 622 1015 eum
652 974 863 1015 dominum
892 985 1058 1013 meum:
1101 970 1177 1012 sed
1205 971 1332 1010 adoro
1355 971 1576 1013 Dominum
1604 987 1742 1015 meum
1764 975 1923 1028 Regem
1955 973 2136 1026 Regum,
2169 977 2212 1011 et

290 1058 470 1099 omnium
506 1055 689 1108 gentium
720 1053 952 1093 Dominum.
1018 1049 1261 1091 Saturninus
1288 1048 1516 1089 Proconsul
1545 1050 1669 1090 dixit:
1726 1053 1788 1092 De
1815 1057 1954 1093 cetero
1984 1066 2007 1092 a
2034 1051 2212 1092 tumultu

290 1137 573 1190 garrulitatum
592 1133 805 1184 quiescite,
833 1135 876 1171 et
898 1130 1143 1171 accedentes
1171 1128 1398 1170 sacrificate
1417 1129 1517 1169 Diis.
1576 1128 1769 1182 Speratus
1790 1132 2022 1184 respondit:
2058 1130 2131 1172 Illa
2150 1136 2214 1171 est

291 1216 395 1258 mala
415 1213 647 1261 concitatio,
678 1223 769 1263 quae
794 1210 894 1251 facit
924 1209 1208 1259 homicidium,
1240 1215 1283 1249 et
1310 1208 1455 1249 salsam
1482 1209 1781 1249 accusationem
1810 1209 2001 1250 adversus
2025 1210 2213 1262 aliquem.

471 1293 513 1332 2.
572 1290 813 1331 Saturninus
845 1281 1072 1330 Proconsul
1101 1288 1152 1329 ad
1184 1288 1284 1328 alios
1309 1300 1528 1328 conversus
1565 1287 1690 1328 dixit:
1739 1287 1881 1328 Nolite
1912 1288 2064 1330 furoris
2091 1288 2216 1342 hujus

294 1373 541 1427 insipientiae
570 1371 788 1424 participes
817 1370 930 1419 fieri,
963 1369 1038 1409 sed
1070 1369 1214 1409 timete
1242 1368 1379 1421 potius
1406 1367 1566 1421 Regem
1594 1371 1800 1418 nostrum,
1837 1367 2076 1409 obedientes
2112 1379 2216 1421 prae-

296 1454 425 1507 ceptis
458 1452 560 1505 ejus.
630 1449 806 1489 Cittinus
839 1448 969 1488 dixit:
1026 1447 1113 1488 Nos
1149 1460 1232 1487 non
1266 1447 1466 1488 habemus
1513 1446 1634 1487 alium
1674 1459 1797 1498 quem
1845 1448 2093 1495 timeamus,
2139 1446 2216 1486 nisi

295 1531 515 1574 Dominum
543 1529 677 1569 Deum
709 1530 914 1575 nostrum,
959 1526 1029 1578 qui
1063 1526 1191 1565 estin
1221 1526 1345 1566 caelis.
1413 1525 1654 1566 Saturninus
1684 1526 1819 1566 dixit:
1866 1525 2144 1566 Detrudantur
2174 1525 2217 1566 in

298 1623 533 1658 carcerem,
562 1611 766 1660 ponantur
794 1608 838 1647 in
867 1605 1008 1659 ligm‘}
1035 1606 1078 1645 in
1109 1605 1219 1645 diem
1251 1605 1485 1646 crastinum.

347 1766 366 1794 ⁵
390 1766 557 1801 Gnmvm
579 1775 753 1799 Avcvs'n
772 1774 859 1798 raro
881 1762 1146 1798 tantummodo
1166 1762 1238 1796 ha·
1381 1761 1532 1797 sisteret
1551 1787 1562 1804 ,
1606 1765 1645 1796 et
1682 1760 1798 1797 salvis
1830 1761 1984 1808 legibus
2023 1761 2072 1797 ab
2115 1762 2220 1797 omni

344 1861 351 1866 x
395 1836 488 1872 bent
504 1834 623 1870 numi.
672 1833 830 1869 Nonnisi
851 1834 925 1868 duo
944 1832 1044 1867 mihi
1063 1832 1239 1866 innotue-
1381 1832 1493 1877 culpa
1517 1831 1747 1867 absolveret.

397 1909 487 1942 runt
507 1904 681 1950 exempla
712 1916 751 1938 ¹¹¹
772 1915 897 1938 numm
922 1903 1081 1937 Nemms
1105 1906 1142 1937 et
1164 1903 1239 1938 Ga*
1335 1927 1353 1974 ⁷.
1376 1926 1479 1960 Deus
1502 1924 1683 1959 Coelestis
1704 1924 1879 1960 fortassis
1905 1925 2110 1970 opponitur
2131 1925 2219 1960 Deae

396 1976 485 2011 lerii
496 1974 734 2010 Maximiani.
754 1974 1072 2009 EckhcliiDoctr.
1084 1973 1241 2008 Numor.

398 2047 498 2080 Vett.
517 2044 673 2079 v1.272.
696 2045 798 2078 VIII.
812 2044 871 2078 38.
928 2044 1094 2078 Gnmvxu
1117 2054 1241 2077 xmus-

400 2127 575 2151 RAwoms
607 2115 724 2148 habet
741 2125 879 2147 numus
900 2113 1072 2155 ejusdcm
1094 2111 1242 2146 Galerii

1384 1995 1549 2029 Coelesti
1569 1995 1778 2037 v.Uraniae,
1798 2005 1821 2030 a
1840 1994 2220 2041 Carthaginiensibus

1384 2068 1582 2109 tantopere
1604 2066 1725 2100 cultae.
2212 2052 2222 2063 δ

401 2187 426 2220 1.
455 2197 485 2219 c.
527 2195 670 2219 GEvas
711 2195 858 2219 Porvm
903 2193 1063 2218 Bou—&m
1104 2180 1240 2226 saepius
1335 2158 1353 2185 Β
1379 2158 1546 2204 Lignum
1591 2158 1692 2203 quod
1726 2157 1869 2192 Nervus
1904 2156 2076 2201 dicitur;
2120 2159 2159 2193 h.
2190 2169 2220 2193 e.

401 2253 580 2291 occurrit.

400 2373 592 2408 Romanos
615 2369 828 2416 Mystexia,
863 2368 1055 2404 Bacchica
1086 2366 1118 2402 si
1142 2367 1243 2402 exci-

403 2442 567 2488 piamus,
593 2441 640 2474 de
665 2440 804 2484 quibus
832 2438 1128 2473 celeberrimum
1147 2439 1245 2473 illud

406 2515 528 2547 exstat
546 2511 584 2545 S.
604 2510 644 2544 C.
671 2510 716 2543 de
741 2509 1059 2550 Bacchanalibus,
1085 2519 1244 2543 venera-

406 2588 464 2619 tos
487 2581 626 2622 fuisse,
661 2578 762 2613 inter
788 2590 917 2613 omnes
939 2582 1095 2614 constat.
1152 2578 1245 2623 Spe-

407 2657 491 2689 rato
520 2651 642 2698 igitur
667 2649 712 2683 de
737 2649 924 2694 Mysterio
958 2649 1126 2690 dicente,
1150 2647 1247 2682 Pro-

410 2723 540 2759 consul
565 2732 696 2755 vocem
721 2719 907 2764 arripuit,
942 2730 985 2752 eo
1016 2717 1172 2752 consilio
1203 2721 1246 2752 ut

409 2792 645 2829 Christianos
676 2801 699 2826 a
727 2791 858 2825 furore
890 2789 1013 2834 plebis
1039 2788 1245 2824 incolumes

1383 2228 1488 2264 trabs
1507 2228 1682 2270 crassior,
1707 2228 1831 2262 multa
1849 2228 1995 2261 habens
2019 2228 2223 2271 foramina,

1385 2296 1523 2341 quibus
1546 2298 1672 2342 pedes,
1702 2307 1859 2338 manus,
1889 2296 2082 2332 interdum
2107 2297 2222 2333 etiam

1386 2366 1553 2401 cervices
1591 2366 1808 2401 vinctorum
1845 2365 2153 2402 immittebantur
2186 2372 2224 2401 ct

1384 2435 1512 2471 nervis
1553 2435 1627 2480 (ita
1667 2436 1864 2471 interdum
1901 2436 2056 2471 vincula
2097 2437 2223 2472 serre&

1387 2507 1628 2551 appellantur
1659 2507 1796 2552 quibus
1817 2508 1931 2552 pedes
1952 2506 2222 2552 impediuntur,

1388 2576 1454 2620 qui
1471 2577 1564 2611 alias
1586 2579 1784 2623 compedes
1806 2577 1984 2622 audiunt)
2004 2576 2222 2611 vincieban-

1388 2650 1464 2681 tur.
1491 2648 1619 2682 Graeee
1641 2649 1744 2692 ξύλον,
1768 2648 1938 2692 ἓυλοπέδη,
1960 2645 2139 2691 ποδοκάκη.
2154 2652 2223 2681 cte.

1387 2717 1484 2751 Vide
1504 2718 1629 2753 Actor.
1643 2719 1742 2753 XVI.
1762 2718 1820 2755 24.
1850 2721 1887 2752 et
1911 2717 2223 2752 Schleussncrum

1388 2787 1427 2822 in
1456 2787 1595 2823 Lexico
1630 2788 1671 2823 N.
1694 2789 1739 2823 T.
