2341 3340
1049 143 1110 189 91

807 279 859 336 G
880 279 936 334 A
953 279 1027 336 P.
1100 279 1157 335 X
1176 278 1234 334 V
1252 278 1286 334 I
1303 278 1355 336 I.

746 378 1082 420 Doc'rmNA
1138 377 1433 420 PUBLICA.

129 557 164 594 1.
222 530 451 601 'Doctrina
473 551 633 603 publica
659 551 858 591 Ecclesiae
880 552 1084 591 Africanae
1112 551 1255 590 eadem
1285 550 1365 591 fuit
1394 561 1485 602 quae
1513 551 1760 602 reliquarum
1786 550 1965 593 Orientis
1993 557 2035 593 et

125 635 307 687 inprimis
323 630 558 670 Occidentis
582 631 867 679 ecclesiarum3
903 631 1162 682 quamobrem
1185 630 1236 669 de
1257 642 1305 670 ea
1321 630 1479 682 prolixe
1495 628 1696 668 disserere
1713 632 2034 682 supersedemus.

126 712 270 763 Neque
301 709 570 762 Theologiam
603 710 845 749 Tertulliani
876 711 920 750 in
955 722 1104 749 novum
1141 721 1309 748 examen
1343 708 1642 755 revocabimus,
1675 707 1775 747 licet
1811 709 2036 750 doctrinam

127 789 398 836 Christianam
434 789 618 828 terminis
657 789 901 841 theologicis
942 788 1100 827 auxerit
1132 799 1371 840 magnaeque
1409 786 1537 826 fuerit
1575 785 1826 826 auctoritatis
1860 787 1904 826 in
1940 800 2036 827 con-

125 867 341 908 stituendis
391 868 510 906 variis
564 862 833 918 dogmatibus.
905 867 1008 907 Haec
1048 867 1156 906 enim
1202 866 1254 906 ad
1289 865 1502 905 historiam
1542 878 1635 905 cum
1678 864 1910 917 dogmatum
1950 867 2037 905 tum

124 947 347 998 disciplinae
376 957 533 985 morum
563 945 796 998 pertinent,
833 946 882 985 ab
917 946 1062 985 harum
1096 958 1235 985 rerum
1270 945 1476 985 historicis
1506 944 1724 996 diligenter
1764 947 1988 984 enarratam
2007 942 2037 983 ¹.

128 1025 302 1064 Unicum
333 1025 480 1076 igitur,
532 1024 641 1075 quod
680 1027 910 1063 nostrarum
948 1025 1123 1077 partium
1155 1037 1245 1063 esse
1279 1036 1515 1072 censemus,
1554 1026 1737 1062 versatur
1775 1023 1818 1062 in
1856 1025 2037 1077 Regalis

113 1103 240 1158 fidei,
273 1114 369 1154 quas
398 1103 541 1142 habuit
568 1103 699 1155 prisca
714 1103 899 1143 Ecclesia
914 1103 1131 1151 Africana3
1163 1103 1311 1155 quippe
1340 1115 1443 1154 quae,
1472 1103 1634 1142 tametsi
1660 1101 1794 1141 Sacrae
1815 1101 2037 1154 Scripturae

121 1193 317 1221 summam
346 1183 389 1221 in
416 1181 540 1220 rebus
571 1182 814 1234 religionem
851 1182 1125 1234 spectantibus
1154 1184 1393 1234 agnosceret
1422 1181 1731 1228 auctoritatem,
1765 1180 1872 1218 hanc
1900 1184 2037 1219 tamen

121 1272 202 1299 non
229 1261 391 1299 unicam
424 1272 514 1298 esse
535 1287 547 1308 ,
591 1259 664 1298 sed
695 1273 786 1298 cum
815 1261 1000 1298 universa
1028 1260 1162 1311 prisca
1198 1258 1384 1298 Ecclesia
1413 1257 1525 1297 idem
1554 1256 1893 1309 jus'tradzrioni
1920 1258 2037 1311 Apo-

122 1340 288 1380 stolicae
313 1340 547 1391 competere
577 1337 729 1376 statuit.
793 1338 905 1377 Hoec
932 1337 1102 1390 regula,
1145 1335 1269 1376 verba
1297 1338 1390 1375 sunt
1419 1334 1593 1375 Tertull.
1626 1335 1678 1374 de
1706 1348 1870 1388 praescr.
1904 1347 1939 1374 c.
1972 1334 2038 1374 13.

126 1431 152 1456 a
184 1418 354 1458 Christo
388 1417 618 1464 instituta,
654 1418 800 1457 nullas
832 1417 958 1467 hab-et
987 1413 1112 1471 apud
1133 1429 1213 1456 nos
1253 1416 1548 1470 quaestiones,
1591 1415 1681 1454 m‘sz·
1712 1428 1819 1469 quas
1851 1415 2038 1455 haereses

122 1496 326 1546 mserum
356 1493 520 1550 et'quoe
543 1497 771 1536 haereticos
788 1497 983 1548 faciunt.
1042 1494 1159 1534 Hanc
1192 1493 1380 1547 Apostoli
1414 1492 1640 1532 doctrinam
1667 1493 2037 1545 promulgaverunt,

126 1587 175 1612 uc
204 1573 392 1627 proinde
425 1575 627 1614 ecclesias
673 1574 792 1629 apud
825 1587 1164 1628 unamquamque
1207 1574 1429 1613 civitatem
1468 1571 1779 1621 condiderunt,
1823 1586 1851 1612 a
1892 1571 2038 1625 quibus

128 1650 354 1690 traducem
372 1650 489 1704 fidei
523 1656 568 1691 et
606 1653 772 1692 semina
810 1652 1023 1692 doctrinae
1061 1656 1220 1691 ceteroe
1259 1651 1417 1690 exinde
1460 1651 1653 1690 ecclesiae
1685 1655 1902 1691 mutuatoe
1932 1653 2039 1690 sunt

127 1734 170 1768 et
204 1728 393 1782 quotidie
424 1732 712 1777 mutuantur,
751 1734 803 1769 ut
840 1730 1031 1769 ecclesiae
1047 1730 1182 1782 fiant.
1214 1727 1314 1766 ibid.
1345 1739 1380 1767 c.
1405 1726 1473 1767 20.
1531 1726 1693 1768 Eodem
1722 1739 1884 1780 quoque
1915 1739 2038 1769 sensu

126 1807 177 1845 de
209 1805 428 1845 traditione
460 1806 544 1856 agit
569 1805 676 1843 liber
708 1805 761 1843 de
793 1817 942 1843 corona
969 1805 1109 1844 militis
1137 1817 1173 1843 c.
1201 1804 1240 1843 3.
1251 1804 1282 1842 ².

302 1881 453 1922 Censet
482 1884 709 1935 praeterea,
748 1893 841 1921 cum
879 1881 1085 1921 haereticis
1128 1894 1211 1921 non
1255 1893 1307 1922 ex
1349 1883 1545 1936 scriptura
1579 1882 1654 1924 sed
1694 1897 1745 1925 ex
1774 1886 1914 1939 regula
1938 1886 2038 1928 fidei

129 1960 415 2014 disputandum
438 1973 542 2010 esse,
572 1961 783 2013 ipsamque
809 1960 1007 2000 librorum
1037 1960 1088 2000 N.
1103 1959 1167 2010 T.,
1190 1971 1276 1999 v.c.
1304 1959 1516 2014 Evangelii
1543 1961 1669 2004 Lucae
1702 1968 1745 2004 et
1764 1965 2038 2018 Epistolarum

128 2040 400 2089 Paanamm,
430 2040 711 2080 auctoritatem
726 2038 908 2093 pendere
931 2051 982 2079 ex
1001 2040 1162 2080 illorum
1179 2053 1271 2080 cum
1298 2040 1440 2094 regula
1462 2040 1562 2081 fidei
1588 2043 1810 2095 apostolica
1838 2056 2038 2085 consensu

128 2117 236 2171 (adv.
265 2118 390 2158 Marc.
417 2117 485 2159 IV.
511 2117 585 2168 2.).

173 2275 189 2302 1
213 2275 355 2310 Praeter
389 2276 591 2322 scriptores
620 2274 801 2311 Historiae
824 2275 1057 2321 Dogmatum
1198 2276 1306 2311 kiani
1349 2276 1431 2311 Vol.
1454 2277 1517 2310 vl.
1551 2279 1589 2311 et
1621 2276 1828 2322 Episcopus
1864 2277 2035 2313 Lincoln.

224 2343 470 2388 antiquioris,
495 2346 541 2380 de
570 2346 809 2381 Tertulliano
838 2344 1058 2380 consulendi
1199 2345 1238 2380 in
1278 2345 1440 2380 historia
1476 2346 1618 2382 Eccles.
1659 2358 1705 2381 ex
1736 2346 1974 2381 Tertulliano
2013 2358 2036 2382 a

222 2417 310 2448 sunt
334 2413 374 2448 C.
397 2414 436 2448 C.
461 2413 610 2448 Birchii
629 2413 854 2450 Dissertatio
874 2414 1056 2459 quosdam
1198 2428 1234 2461 p.
1257 2415 1429 2464 262-369.

223 2493 268 2516 ex
291 2482 531 2517 Tertulliano
559 2485 733 2519 collectos
759 2487 870 2529 atque
886 2484 1056 2519 illustra-
1152 2484 1170 2514 2
1196 2485 1358 2521 Tertull.
1390 2486 1436 2520 de
1468 2484 1676 2520 traditione
1710 2485 1913 2520 sententias
1948 2484 2035 2520 vide

222 2555 280 2587 tos
309 2552 412 2586 locos
438 2552 673 2598 theologicos
702 2553 846 2589 sistens.
900 2553 1055 2588 Hafniae
1197 2565 1255 2600 ap.
1279 2554 1519 2598 Neandrum‚
1565 2554 1673 2590 Geist
1705 2554 1769 2588 des
1803 2554 2035 2589 Tertullians

244 2621 325 2657 790.
375 2621 581 2656 Mfinscher
602 2622 698 2655 iiber
720 2622 954 2658 Tertullians
973 2634 1055 2657 mo·
1198 2636 1234 2669 p.
1255 2623 1335 2659 100.
1361 2623 1441 2659 104.
1466 2623 1546 2659 327.
1571 2622 1652 2659 329.
1673 2626 1711 2660 et
1729 2624 1853 2669 Episc.
1866 2623 2033 2658 Lincolu.

223 2691 388 2728 ralischc
412 2690 718 2742 Vorstellungen‚
740 2691 780 2726 in
797 2692 939 2728 Horrei
950 2694 1056 2729 Hen-
1196 2704 1233 2738 p.
1257 2692 1337 2728 290.
