2341 3340
1159 166 1258 214 126

259 302 474 342 Gnosticos
509 314 655 343 carere
684 302 794 344 haud
830 305 1010 358 potuisse
1049 305 1291 359 placitorum
1336 299 1503 348 suorum
1542 307 1778 348 doctoribus
1813 307 1944 361 iisque
1985 307 2170 359 eruditis,

256 393 330 432 per
361 393 406 419 se
432 384 563 433 patet;
611 394 712 433 quos
749 383 876 436 igitur
906 384 1025 424 haud
1046 397 1069 423 e
1098 385 1326 436 proletariis
1362 387 1624 438 hominibus,
1669 387 1783 427 nullo
1821 387 1964 426 ordine
1998 390 2171 435 servato,

257 458 485 498 adsciscere
526 465 758 513 potuerunt.
836 462 980 515 Neque
1023 464 1103 503 hoc
1145 464 1238 503 loco
1276 464 1462 505 Gnostici
1498 465 1592 505 Afri
1634 466 1755 506 unice
1805 468 2053 517 tanguntur,
2097 464 2172 506 sed

257 550 395 578 omnes
432 528 737 591 persterraru‘m
769 529 923 581 orbem.
992 540 1200 583 Praet‘erea
1238 542 1455 583 Gnosticos
1492 545 1686 597 mysteria
1718 544 1956 585 Graecorum
1991 525 2172 585 imitatos

254 616 395 665 fuisse⁷
433 617 550 658 valde
579 623 643 659 est
675 620 951 660 verisimilem,
1013 619 1060 660 In
1086 620 1152 662 his
1181 634 1279 661 vero
1307 621 1424 661 fuere
1447 621 1765 675 Hierophantae,
1801 622 1989 663 Daduchi
2020 622 2171 672 aliique

255 705 462 736 sacrorum
480 698 668 747 ministri,
701 698 771 750 qui
798 699 908 739 haud
932 699 1055 739 dubie
1082 700 1131 740 ab
1150 700 1413 740 inferioribus
1434 700 1485 740 ad
1514 701 1667 754 majora
1696 714 1864 741 munera
1888 701 2171 741 ascenderunt.

257 771 340 813 Sed
360 775 402 815 in
418 775 604 828 ejusdem
619 777 761 829 capitis
776 778 866 818 loco
889 777 939 818 de
956 779 1196 819 mulieribus
1210 779 1416 819 haereticis
1436 778 1536 819 dicit
1553 783 1706 830 auctor,
1729 780 1911 831 quisquis
1932 780 2003 819 ille
2023 779 2170 819 fuerit:

255 854 363 907 t‘psoe
392 856 595 898 mulieres
620 856 846 896 hoereticoe
875 871 999 912 quam
1039 871 1246 914 procaces
1263 888 1276 907 ‚
1315 873 1410 915 quoe
1449 860 1645 901 audeant
1675 860 1868 907 docere,'
1891 859 2170 906 contendere,

255 933 516 972 exorcismos
549 946 704 986 agere,
750 936 1004 974 curationes
1035 939 1365 990 repromittere,
1392 940 1596 992 forsitan
1628 944 1673 979 et
1703 940 1922 991 tinguere.
1988 935 2033 975 ln
2064 935 2171 976 libro

255 1007 306 1047 de
334 1009 536 1061 baptismo
568 1023 604 1050 c.
625 1010 693 1051 17.
752 1010 1028 1051 Tertullianus
1052 1005 1351 1068 petulantiam
1374 1017 1571 1056 mulieris
1590 1016 1788 1068 increpat,
1820 1029 1913 1070 qaae
1941 1009 2178 1071 usurpavit

254 1087 434 1135 docere,
479 1093 522 1129 et
554 1101 589 1129 c.
619 1090 660 1129 9.
700 1089 754 1130 de
793 1090 977 1130 velandis
1015 1091 1238 1144 virginibus
1277 1092 1478 1144 inquirit,
1522 1107 1582 1133 an
1618 1095 1789 1147 virgini
1824 1095 1951 1134 liceat
1980 1093 2168 1140 edocere,

251 1168 467 1220 tinguere,
498 1167 677 1224 offere³⁵
707 1172 786 1210 etc.
846 1170 973 1210 Hisce
991 1171 1177 1210 omnibus
1192 1171 1401 1211 Gnosticae
1427 1172 1619 1211 mulieres
1641 1171 1874 1211 indicantur
1895 1175 1937 1211 et
1964 1172 2170 1224 praecipue

221 1247 494 1297 *Quintium
547 1259 638 1299 quae
675 1248 866 1300 quidem,
908 1253 954 1289 ut
991 1249 1042 1289 de
1080 1251 1331 1291 Philumene
1373 1250 1544 1301 aliisque
1584 1253 1762 1298 constat,
1807 1250 1851 1290 in
1889 1250 2093 1302 Gynaecea
2129 1253 2171 1289 et

249 1323 482 1374 ubic-unque
511 1325 697 1366 locorum
726 1326 869 1366 faciles
897 1340 1014 1367 aures
1039 1328 1309 1379 invenissent,
1350 1341 1441 1369 sese
1469 1330 1724 1368 insinuarunt
1747 1332 1870 1380 atque
1902 1329 2078 1368 fanatica
2098 1340 2172 1368 sua

249 1402 396 1453 placita
424 1408 709 1457 propagarunt.
764 1405 920 1446 Verum
949 1407 1154 1446 enimvero
1174 1419 1283 1460 space
1317 1407 1413 1446 boni
1430 1406 1673 1447 Tertulliani
1706 1406 1862 1446 dictum
1894 1410 2007 1446 esto:
2034 1416 2171 1446 ‘annon

247 1480 361 1520 idem
391 1482 472 1521 hoc
501 1483 777 1533 Montanistis‚
812 1485 958 1536 quibus
987 1485 1075 1537 ipse
1104 1485 1289 1533 adhaesit,
1328 1486 1424 1525 licet
1452 1499 1655 1537 nunquam
1692 1486 1930 1526 mulieribus
1962 1485 2068 1539 apud
2098 1496 2170 1525 eos

248 1557 490 1601 docentibus
537 1565 580 1601 et
619 1562 930 1602 vaticinantibus
971 1563 1053 1602 hoc
1085 1563 1287 1616 objecisse
1331 1564 1580 1616 reperiatur,
1623 1564 1722 1617 jure
1762 1565 1990 1617 meritoque
2036 1565 2168 1617 culpae

248 1636 453 1680 dabatur?
499 1653 633 1680 annon
674 1641 881 1691 hodieque
913 1643 1106 1682 mulieres
1138 1641 1360 1693 praesident
1394 1642 1577 1682 coetibus
1613 1642 1835 1682 fanaticis?
1890 1643 2012 1682 Unde
2048 1655 2169 1695 quam

247 1717 408 1769 sapiens
450 1717 566 1759 Pauli
587 1718 774 1772 Apostoli
803 1720 905 1760 illud
936 1721 1063 1761 fuerit
1098 1724 1350 1774 praeceptum
1378 1721 1428 1760 ab
1460 1721 1548 1773 ipso
1582 1720 1836 1781 Tertulliano
1869 1721 1921 1761 (le
1957 1722 2034 1761 vel.
2066 1722 2168 1773 virg.

247 1808 283 1835 c.
303 1796 344 1835 9.
375 1800 418 1836 et
445 1797 533 1837 adv.
557 1798 689 1839 Marc.>
717 1798 765 1839 V.
791 1799 832 1839 S.
865 1799 1092 1848 laudatum,
1130 1812 1209 1852 quo
1240 1799 1404 1839 mulieri
1433 1800 1476 1840 iu
1506 1800 1679 1858 ecclesia
1708 1782 1914 1840 silentium
1945 1800 2168 1859 injungitur

248 1872 296 1928 (1
322 1874 416 1915 Cor.
448 1876 555 1917 XIV.
577 1877 688 1929 3403
727 1877 889 1916 abunde
920 1882 1098 1930 apparet.

428 1954 737 1995 Observandum
782 1956 983 2007 denique,
1026 1957 1092 1996 vix
1129 1956 1252 1995 statui
1290 1968 1432 2008 posse,
1474 1955 1688 1996 Gnosticas
1722 1957 1820 1997 istas
1861 1956 2073 2009 opiniones
2115 1955 2165 1997 ad

248 2031 501 2074 Christianos
540 2046 564 2074 e
599 2033 754 2075 Punica
794 2035 921 2087 stirpe
963 2036 1033 2075 illa
1080 2038 1316 2087 penetrasse
1359 2037 1502 2082 aetate,
1551 2046 1675 2084 quum
1706 2034 1771 2083 hi,
1820 2048 1916 2074 rure
1953 2035 2164 2086 degentes,

246 2111 464 2165 linguaque
490 2125 634 2164 parum
663 2114 770 2154 culta
795 2114 872 2162 usi,
907 2126 960 2153 ne
992 2114 1116 2153 verba
1149 2113 1313 2165 quidem
1340 2114 1559 2162 haberent,
1599 2113 1744 2165 quibus
1773 2113 1935 2154 illarum
1964 2111 2164 2153 sectarum

246 2183 457 2243 praecones
487 2204 579 2232 suas
615 2193 837 2232 sententias
873 2196 994 2244 atque
1031 2193 1244 2246 allegorias
1278 2193 1507 2245 exprimere
1539 2197 1735 2245 possent;
1787 2193 2004 2233 Gnosticos
2047 2205 2162 2241 vero,

246 2270 410 2311 aliunde
436 2270 660 2324 profectos,
699 2271 892 2311 Punicam
923 2273 1101 2324 linguam
1128 2274 1194 2312 vix
1218 2272 1418 2329 calluisse.
1476 2270 1619 2322 Itaque
1652 2271 1697 2311 hi
1728 2273 1891 2311 sectarii
1918 2271 2164 2324 Carthagine

246 2355 288 2390 et
313 2350 356 2389 in
383 2350 604 2403 majoribus
635 2351 755 2390 unice
792 2351 1002 2402 quaerendi
1032 2351 1219 2391 videntur
1249 2350 1429 2390 urbibus.
1500 2349 1642 2402 Longe
1671 2362 1768 2390 vero
1798 2351 1916 2390 aliter
1953 2363 2041 2390 rem
2070 2363 2160 2391 cum

248 2428 522 2477 Montanistis‚
553 2432 594 2469 et
607 2429 839 2480 insequenti
858 2434 1043 2483 tempore
1067 2443 1155 2470 cum
1177 2429 1410 2480 Donatistis,
1439 2433 1560 2482 atque
1576 2429 1984 2469 circumcellionibus
2015 2428 2162 2468 horum

270 2588 305 2616 34
330 2588 492 2630 Confer,
535 2585 567 2619 si
596 2585 691 2620 tanti
723 2590 804 2628 est,
840 2598 920 2631 quae
954 2586 1024 2620 hac
1056 2587 1099 2620 de
1139 2597 1180 2621 re
1322 2597 1432 2628 men,
1461 2586 1559 2630 quod
1590 2585 1689 2621 inter
1710 2587 1883 2622 Docemes
1914 2590 1952 2621 et
1976 2585 2161 2621 Disceutes

342 2658 508 2693 diximus
531 2656 570 2691 in
592 2656 890 2700 Antiquitatibus
913 2657 1179 2691 Gnosticorum
1321 2657 1522 2703 ponebant.

343 2728 458 2764 sacris
486 2740 519 2773 μ
544 2728 577 2763 (i.
611 2728 703 2763 Inde
726 2739 906 2774 magnum
930 2728 1025 2763 illud
1046 2727 1180 2762 discri-
1251 2757 1287 2787 35
1311 2758 1477 2794 Neandri
1509 2757 1542 2793 G
1576 2757 1597 2793 d
1635 2758 1668 2793 T
1707 2769 1730 2802 P
1766 2757 1845 2793 2⁰5·
