2341 3340
1021 151 1085 196 83

814 285 866 345 O
887 285 941 343 A
961 286 1033 344 Ρ.
1093 287 1150 353 X
1169 286 1225 344 V
1246 286 1297 346 Ι.

422 384 728 433 VERSIONES
786 385 981 428 SAcRAE
1040 386 1372 428 scmrTURAE
1429 385 1664 430 LATINAE.

104 565 141 604 l.
196 531 371 610 Afros,
403 560 633 611 quicunqne
655 559 791 601 Latini
813 560 1012 601 sermonis
1043 562 1180 600 essent
1209 558 1335 613 gnari,
1363 571 1496 600 sacras
1522 560 1678 602 litteras
1702 561 1845 603 Latine
1878 575 2011 605 versas

103 644 248 696 legisse
288 640 463 680 dubitari
502 640 656 691 nequit.
730 640 949 680 Hebraeam
997 640 1187 678 nimirum
1234 639 1412 691 linguam
1463 639 1732 691 ignorarunt3
1786 643 1862 683 etsi
1902 645 2010 684 enim

101 721 276 769 Punica,
323 732 402 772 qua
432 731 528 759 rnre
568 722 610 758 et
646 721 795 771 passim
832 719 875 759 in
910 718 1079 758 urbibus
1116 717 1354 766 utebantur,
1399 716 1450 757 ad
1489 730 1578 758 eam
1615 731 1743 772 prope
1782 720 2010 770 accederet,

99 799 221 841 facile
240 790 385 839 tamen
419 799 672 851 intelligetur
693 826 706 846 ,
745 810 835 837 eam
879 801 942 838 tot
978 797 1208 837 seculorum
1247 794 1422 837 decursu
1460 810 1484 838 a
1522 798 1691 850 pristina
1733 810 1805 839 sua
1837 800 2011 852 puritate

98 878 214 919 valde
245 878 440 926 deviasse,
472 881 514 917 et
540 877 711 930 plurima
738 876 892 929 Libyca
919 876 1041 916 verba
1064 888 1140 929 per
1169 876 1412 917 commercia
1440 888 1532 918 cum
1559 877 1720 930 populis
1734 877 1914 931 Libycis,
1943 878 2013 930 qui

98 958 163 997 vel
210 957 373 997 easdem
419 968 510 996 cum
558 955 708 995 Poenis
754 955 876 995 urbes
917 955 1182 1004 habitabant,
1233 955 1277 995 in
1322 967 1489 996 suorum
1538 969 1753 998 numer-um
1791 956 2010 1010 recepisse.

98 1036 240 1075 Graeca
271 1035 434 1087 plurimi
472 1035 718 1074 nesciebant.
788 1034 881 1074 Hoc
918 1034 1045 1087 igitur
1080 1033 1333 1074 tenendum:
1389 1034 1581 1075 cultiores
1620 1048 1701 1076 non
1735 1036 1814 1076 nisi
1847 1035 2011 1076 Latinas

98 1114 303 1154 versiones
338 1113 555 1163 habuisse,
591 1113 766 1153 rusticos
801 1117 923 1165 atque
963 1113 1130 1153 Punicae
1164 1116 1320 1153 tantum
1349 1112 1499 1166 lingum
1541 1127 1686 1168 gnaros
1724 1115 1874 1163 nullas3
1920 1127 2009 1154 nam

97 1193 239 1233 harum
266 1205 319 1233 ne
352 1193 396 1232 in
435 1193 698 1245 scriptoribus
740 1192 906 1244 quidem
944 1191 1148 1232 Africanis
1192 1192 1318 1232 ullum
1356 1193 1536 1232 occurrit
1572 1194 1801 1245 vestigium.
1871 1192 2010 1232 Nihilo

95 1275 232 1312 tamen
263 1271 397 1312 secius
426 1270 562 1311 Sacrae
592 1269 815 1323 Scripturae
846 1270 970 1309 lectio
1000 1282 1185 1323 magnam
1218 1274 1261 1309 et
1292 1269 1482 1310 eximiam
1514 1270 1646 1310 cultus
1678 1270 1829 1323 publici
1854 1272 2010 1323 partem

96 1351 379 1390 constituebat.
436 1349 568 1399 Hauc,
603 1349 673 1388 ubi
704 1360 873 1388 necesse
900 1351 1008 1398 erat,
1050 1348 1268 1400 Augustini
1297 1347 1430 1388 adhuc
1463 1352 1583 1389 aetate
1618 1349 1775 1390 Punice
1806 1353 2011 1402 peractam

95 1429 251 1479 fuisse,
287 1442 338 1469 ex
368 1429 470 1469 locis
503 1442 594 1469 cAP.
617 1440 657 1468 v.
685 1428 858 1469 laudatis
888 1428 1099 1468 evincitur.
1158 1426 1278 1478 Quod
1306 1439 1422 1476 vero,
1466 1427 1501 1467 si
1533 1428 1673 1468 seculo
1705 1428 1840 1468 adhuc
1869 1431 2012 1478 quarto

96 1511 139 1547 et
166 1509 306 1560 quinto
337 1508 484 1558 evenit,
525 1521 644 1560 quam
675 1508 908 1556 verisimile,
949 1506 1121 1547 eandem
1145 1506 1252 1546 hanc
1274 1504 1443 1546 Punicae
1479 1507 1628 1559 linguae
1658 1507 1846 1560 peritiam
1875 1508 2010 1559 requi-

96 1588 213 1626 sitam
251 1586 380 1626 fuisse
419 1587 464 1627 in
499 1586 735 1640 Episcopis‚
772 1585 1051 1639 Presbyteris,
1085 1585 1276 1625 Diaconis
1308 1588 1351 1624 et
1378 1584 1623 1626 Lectoribus
1654 1598 1737 1625 sec.
1774 1585 1824 1625 11.
1859 1590 1902 1625 et
1941 1585 2010 1624 Ill.

96 1677 191 1704 rure
218 1665 403 1716 inprimis
439 1664 691 1717 degentibus.
759 1663 805 1704 Si
830 1665 954 1717 igitur
981 1667 1092 1704 totus
1124 1664 1257 1703 cultus
1289 1663 1478 1715 publicus
1509 1665 1553 1703 in
1581 1663 1757 1710 Punico,
1796 1664 2010 1704 vernaculo

96 1743 245 1783 horum
275 1742 513 1790 hominum,
557 1753 746 1781 sermone
787 1742 1079 1794 peragebatur,
1124 1741 1329 1793 sequitur,
1371 1740 1534 1781 Sacram
1575 1739 1826 1794 Scripturam
1866 1742 2011 1782 eadem

96 1821 234 1873 lingua
272 1819 321 1858 ab
359 1819 575 1871 Episcopis
604 1818 944 1870 Presbyter-isque
977 1820 1293 1866 tractantibus,
1332 1819 1376 1857 h.
1406 1831 1442 1857 e.
1477 1820 1718 1859 concionem
1753 1820 2011 1869 habentibus,

98 1913 121 1939 a
145 1897 333 1940 Diaconis
365 1908 488 1949 porro
518 1898 561 1935 et
589 1894 852 1946 Lectoribus‚
897 1896 1107 1935 recitatam
1137 1894 1280 1936 fuisse.
1338 1895 1459 1948 Quod
1493 1908 1589 1937 vero
1623 1892 2013 1953 αὐτοσχεδιαςικῶς

95 1979 246 2019 factum
269 1988 372 2024 esse,
401 1975 512 2015 nulla
539 1975 725 2015 versione
754 1976 906 2028 scripta
937 1974 1132 2023 adhibita,
1163 1975 1220 2016 ita
1245 1978 1291 2015 ut
1313 1978 1448 2016 textus
1476 1974 1645 2016 Latinus
1679 1977 1854 2029 primum
1881 1976 2012 2017 lectus

97 2057 251 2097 Punice
271 2055 463 2106 deinceps
484 2053 740 2103 recitaretur,
769 2067 852 2094 non
870 2054 1002 2094 solum
1023 2053 1084 2093 rei
1100 2054 1218 2103 ratio,
1243 2053 1318 2094 sed
1341 2058 1383 2095 et
1399 2054 1582 2108 analogia
1599 2054 1733 2095 docet.
1791 2055 1906 2096 Idem
1929 2056 2011 2097 hoc

100 2136 209 2176 enim
239 2133 345 2187 apud
366 2131 551 2181 Judaeos‚
583 2136 800 2184 antequam
829 2132 1061 2173 chaldaicae
1089 2136 1294 2174 exstarent
1322 2134 1528 2173 versiones
1556 2132 1606 2174 V.
1640 2133 1704 2183 T.‚
1734 2133 1930 2183 obtinuit,
1965 2138 2010 2174 ut

101 2214 221 2254 verba
242 2213 433 2253 nimirum
454 2211 657 2251 Hebraica
685 2212 728 2251 in
744 2211 968 2265 Syuagogis
994 2215 1087 2264 post
1113 2212 1329 2251 recitatum
1352 2215 1510 2252 textum
1531 2212 1769 2266 originalem
1789 2211 2009 2253 Chaldaice

101 2290 434 2346 exponerenturl.
489 2290 648 2332 Eadem
669 2290 850 2344 Copticae
869 2291 1054 2330 ecclesiae
1070 2290 1150 2330 fuit
1167 2290 1443 2330 consuetudo:
1475 2290 1590 2344 cujus
1615 2291 1782 2343 quidem
1800 2292 1861 2332 rei
1883 2296 2008 2333 testes

101 2358 317 2423 supersunt
344 2370 506 2410 codices
537 2370 800 2423 manuscripti
817 2369 1161 2423 Graeco-Coptici,
1194 2373 1236 2410 et
1257 2373 1471 2423 postquam
1494 2371 1581 2422 ipsa
1601 2370 1771 2423 Coptica
1801 2371 1937 2425 lingua
1965 2371 2007 2411 in

102 2450 214 2489 cultu
243 2448 379 2488 divino
403 2450 645 2498 exoleverat,
675 2448 1072 2502 Coptico-Arabici2,
1102 2450 1171 2502 qui
1192 2461 1290 2489 vero
1318 2461 1458 2490 omnes
1479 2450 1626 2491 seriori
1648 2445 1832 2503 tempore
1857 2451 2007 2491 exarati

148 2597 164 2626 1
189 2596 273 2630 Jost
293 2595 521 2630 Gcschichte
543 2596 610 2630 der
621 2597 817 2632 Israeliten
840 2598 904 2633 IV.
925 2610 961 2643 p.
975 2598 1031 2633 19.
1173 2597 1318 2632 Latinis
1332 2596 1548 2640 conjectura
1568 2599 1712 2633 arridet
1730 2601 1820 2633 Vcn.
1833 2597 2005 2632 Leandro

149 2665 168 2695 2
191 2665 393 2700 chaudot
432 2664 599 2710 liturgiae
639 2665 800 2711 antiquae
830 2667 861 2702 Ι.
886 2680 922 2712 p.
951 2666 1032 2702 203.
1175 2667 1300 2701 abEss
1320 2666 1358 2700 in
1379 2667 1478 2701 libro
1491 2668 1596 2702 bonae
1609 2667 1731 2712 frugis
1743 2667 1867 2712 phun,
1886 2666 2006 2712 Prag-

195 2735 337 2771 Eadcm
350 2735 428 2769 haec
442 2734 487 2769 de
501 2733 771 2779 antiquissimis
797 2737 1033 2772 versionibus
1176 2735 1527 2772 matischkritische
1542 2736 1675 2771 Gesch.
1690 2736 1724 2771 d.
1737 2737 1900 2783 Vulgata
1924 2748 1956 2781 p.
1971 2736 2004 2771 5.
