2341 3340
1241 128 1311 176 48

308 271 421 314 unde
451 270 637 312 officium
665 270 778 313 diem
802 270 1045 312 Paschalem
1075 269 1290 324 quotannis
1326 280 1378 308 ex
1413 269 1609 320 computo
1650 269 1926 309 astronomico
1961 271 2242 314 constituendi

309 351 354 392 in
383 350 525 391 Africa
557 350 764 405 Episcopo
803 350 1132 404 Carthaginiensi
1171 347 1408 387 demandari
1444 347 1569 388 facile
1607 349 1755 402 potuit.
1826 349 1947 400 Quod
1979 350 2168 402 quidem,
2202 350 2242 392 ιί

307 431 368 472 ita
396 412 480 482 est,
523 430 676 472 Severo
706 431 920 484 Augusto,
961 433 1005 470 et
1040 429 1265 482 Agrippino
1311 426 1640 481 Carthaginiensi
1677 428 1885 483 Episcopo
1903 457 1916 478 ,
1971 430 2240 471 constitutum

309 523 403 553 esse
432 511 694 552 crediderim.

490 590 532 631 4.
597 591 801 633 Primates
848 589 1019 632 secundi
1068 587 1223 628 ordinis
1280 587 1502 630 Numidiae
1545 590 1589 628 et
1625 588 1922 630 Mauretaniae
1936 588 1972 617 1⁸
2027 588 2094 628 vel
2128 600 2180 628 eo
2216 601 2241 630 a

311 667 640 723 Carthaginiensi
669 671 936 719 differebant,
976 667 1087 722 quod
1115 668 1246 708 nullas
1277 667 1480 707 haberent
1509 668 1641 705 certas
1673 666 1822 716 sedes3
1864 667 1940 707 sed
1969 667 2080 719 quod
2108 668 2242 720 prima

311 752 410 790 aetas
441 750 709 790 ordinationis
739 764 811 791 eos
844 752 1128 798 constitueret,
1159 760 1237 799 qua
1265 746 1318 795 de
1350 759 1469 786 causa
1492 758 1612 786 senes
1648 744 1748 785 dicti
1769 744 1923 786 suntss.
1979 746 2240 788 Procedente

310 831 498 882 tempore
535 829 744 882 principes
788 829 1051 889 sacerdotum
1090 831 1132 867 et
1171 826 1318 867 summi
1356 825 1592 866 sacerdotes
1638 825 1799 865 salutati
1841 828 1963 876 sunt,
2004 838 2106 878 quos
2139 838 2240 867 vero

310 908 452 948 titulos
495 907 726 948 Concilium
762 907 1101 960 Carthaginiense
1133 905 1204 945 ΙΙΙ.
1244 905 1408 944 sustulit
1451 918 1540 944 can.
1567 905 1635 944 26.
1672 918 1750 945 nec
1790 905 1915 945 alium
1960 906 2043 946 nisi
2076 906 2240 947 Primoe

307 988 423 1028 sedis
457 988 773 1042 Episcoporum
808 988 860 1026 iis
897 999 1047 1026 nomen
1088 984 1293 1025 concessit
1309 982 1357 1022 13.
1415 982 1631 1035 Praecipua
1667 996 1810 1024 eorum
1838 985 1933 1038 jura
1967 985 2061 1026 haec
2101 987 2240 1027 erant:

310 1063 499 1117 Synodos
533 1066 829 1118 provinciales,
872 1066 907 1105 si
943 1078 1034 1117 quae
1060 1066 1197 1118 prisca
1234 1066 1304 1105 illa
1342 1066 1463 1104 aetate
1500 1063 1781 1114 habebantur,
1827 1064 2128 1114 convocabant,
2171 1074 2242 1106 eas
2307 1094 2310 1095 ν

308 1143 626 1185 moderabantur
670 1149 714 1185 et
757 1146 916 1199 legatos
948 1145 1001 1185 ad
1035 1144 1239 1198 synodum
1279 1143 1550 1184 universalem
1591 1143 1822 1184 mittebant.
1890 1143 2118 1197 Episcopos
2153 1155 2241 1185 suoe

309 1224 532 1276 provinciae
567 1225 724 1265 electos
764 1224 1077 1274 consecrabant,
1122 1228 1244 1277 atque
1281 1225 1325 1264 in
1361 1235 1433 1263 eos
1464 1223 1760 1274 dioecesesque
1798 1236 1941 1264 eorum
1978 1223 2242 1277 Episcopiam

309 1304 568 1354 exercebant,
598 1318 754 1357 eosque
782 1305 849 1344 vel
876 1306 956 1358 ipsi
983 1305 1049 1344 vel
1076 1317 1152 1357 per
1180 1303 1408 1356 Episcopos
1437 1303 1647 1356 delegatos
1663 1303 1926 1356 judicabant,
1946 1303 2068 1346 >salvo
2102 1306 2242 1347 tamen

310 1381 460 1423 horum
482 1384 738 1437 apellationis
760 1386 857 1439 jure
886 1384 939 1425 ad
953 1383 1162 1437 Synodum
1178 1383 1488 1424 Provincialem.
1546 1382 1679 1422 Sicuti
1706 1394 1803 1421 vero
1825 1381 2016 1434 Synodis,
2046 1382 2118 1422 ubi
2149 1394 2241 1424 Sen-

308 1462 457 1503 tentias
487 1475 548 1503 eae
564 1464 747 1514 tulerint,
784 1465 956 1505 obnoxii
977 1468 1108 1512 erant,
1136 1463 1193 1503 ita
1216 1475 1380 1515 quoque
1401 1463 1496 1516 ipsi,
1528 1463 1563 1503 si
1585 1463 1828 1503 auctoritate
1855 1475 1929 1501 sua
1959 1463 2240 1511 abuterentur,

309 1544 379 1582 aut
407 1543 666 1596 negligentes
703 1544 747 1584 in
785 1544 927 1584 officio
970 1542 1408 1596 deprehenderentur,
1449 1542 1542 1581 loco
1588 1555 1612 1581 a
1645 1541 1812 1593 Synodo
1851 1541 2144 1590 movebantur3
2196 1540 2242 1581 id

309 1622 422 1675 quod
454 1623 507 1663 de
536 1622 680 1663 Prisco
721 1622 994 1663 Mauretaniae
1035 1622 1311 1661 Caesareensis
1353 1621 1535 1661 Primate
1574 1624 1712 1661 narrat
1749 1621 1998 1673 Augustinus
2050 1633 2114 1673 ep.
2143 1620 2241 1661 261.

310 1700 519 1743 Caeterum
547 1703 641 1743 haec
662 1703 906 1754 plerumque
936 1714 988 1742 ex
1007 1701 1180 1741 historia
1200 1704 1434 1753 temporum
1458 1703 1552 1753 post
1573 1699 1766 1752 Cypriani
1790 1702 1953 1739 aetatem
1979 1700 2242 1754 colliguntur.

310 1780 526 1831 Attamen,
570 1794 695 1833 quum
734 1794 785 1821 ex
823 1785 967 1821 natura
995 1784 1119 1831 atque
1159 1779 1299 1818 indole
1334 1780 1490 1830 ipsius,
1540 1780 1607 1818 cui
1638 1778 1839 1818 Primates
1869 1779 2059 1831 praefecti
2091 1784 2242 1830 essent,

308 1860 491 1901 numeris
523 1863 646 1912 atque
677 1859 885 1913 dignitatis
916 1859 1065 1907 fluant,
1106 1857 1223 1896 valde
1251 1856 1465 1909 probabile
1501 1860 1585 1906 est,
1626 1869 1675 1897 ea
1701 1856 1766 1895 vel
1787 1857 1983 1910 pleraque
2011 1871 2156 1899 eorum
2188 1860 2240 1901 ab

308 1939 575 1980 institutionis
607 1939 835 1980 Primatum
865 1941 1055 1991 tempore
1091 1935 1321 1977 valuissem.
1381 1985 1386 1989 .

332 2094 368 2123 16
393 2096 548 2131 Horum
574 2096 666 2139 jura
693 2094 783 2130 vide
805 2096 908 2140 apud
928 2094 1150 2141 Zieglerum
1175 2093 1202 2129 l.
1222 2092 1249 2128 l.
1392 2093 1486 2137 bus,
1512 2095 1568 2130 ita
1593 2092 1757 2141 &taluam
1788 2097 1834 2130 de
1862 2094 2169 2140 Metropolitanis
2197 2095 2238 2131 in

406 2178 443 2210 p.
468 2165 551 2201 157.
1390 2164 1565 2201 Ecclesia
1590 2165 1779 2201 Orientali
1804 2165 2074 2211 usurpabatur.

334 2250 371 2280 ¹⁷
395 2251 549 2298 Ziegl‘ff
579 2252 606 2287 ¹·
628 2253 655 2288 ¹·
686 2264 723 2298 Ρ·
750 2251 832 2288 139·
880 2251 1016 2287 N⁶S⁰²⁰
1045 2254 1174 2287 tamen
1202 2261 1251 2286 ³¹¹
1320 2279 1357 2309 18
1383 2281 1936 2317 eod.0an.Eceles.Africanae
1962 2292 1994 2317 c.
2007 2282 2064 2318 39.
2089 2282 2238 2319 Labboi

403 2323 537 2358 senum
551 2323 780 2366 nomenjam
792 2322 832 2356 in
846 2322 1036 2367 cypriano
1063 2326 1249 2358 occurrat*
1392 2352 1503 2386 Cone.
1525 2352 1575 2386 ΙΙ.
1589 2364 1624 2397 p.
1636 2352 1740 2387 1181.
1765 2353 1832 2386 ubi
1845 2356 2017 2387 tantum:
2047 2356 2091 2386 ut
2102 2352 2235 2397 primae

405 2393 547 2428 Graecis
572 2393 704 2427 eadem
729 2392 896 2427 aliorum
912 2392 1250 2438 metropolitarum
1390 2422 1488 2458 sedis
1527 2421 1736 2466 Episcopus
1781 2422 1956 2468 Princeps
1994 2423 2235 2458 sacerdotum

402 2463 658 2509 praerogativa
682 2462 882 2497 dicebatur
909 2466 1078 2511 πρεσβεῖα.
1125 2462 1189 2497 Sic
1209 2463 1249 2498 in
1389 2504 1464 2528 non
1499 2492 1726 2537 appelletur·
1782 2493 1905 2528 Hicce
1939 2503 2057 2528 canon
2089 2492 2235 2538 legitur

404 2544 546 2569 canone
576 2536 682 2578 sexto
714 2533 876 2568 Concilii
904 2533 1067 2569 Nicaeni:
1108 2531 1248 2579 Ὁμοίως
1530 2563 1539 2571 .
1642 2561 1651 2569 .
1835 2562 1844 2571 .
1872 2563 1882 2571 .
1921 2562 1931 2571 .

1390 2574 1542 2608 corpori
1564 2563 1671 2598 Jurls
1702 2562 1884 2598 Canonicl
1919 2565 2081 2599 msertus
2107 2562 2152 2599 D.
2174 2562 2232 2599 99.

1393 2646 1423 2669 c.
1443 2634 1479 2671 3.

404 2605 440 2640 ὃὲ
459 2604 512 2638 καὶ
530 2602 611 2639 κατὰ
628 2602 686 2649 τὴν
699 2600 894 2649 ἈντιόχειωΙ
923 2606 976 2639 καὶ
997 2607 1029 2641 ἐν
1048 2610 1118 2645 ταῖς
1138 2603 1246 2644 ἄλλως

403 2677 572 2722 ἐπαρχίαις
590 2673 634 2709 τὰ
655 2678 812 2723 πρεσβεῖα
844 2673 1011 2717 σώζεσθαι
1041 2680 1112 2715 ’ταῖς
1137 2676 1249 2719 ἐκκλη-

404 2748 499 2786 σίαις.
548 2744 656 2781 Sicut
683 2757 776 2781 vero
805 2749 962 2794 πρεσβεῖα
989 2746 1036 2781 de
1065 2744 1249 2780 Primati-
1321 2743 1358 2772 1ss
1381 2744 1473 2781 ibid.
1503 2757 1537 2792 p.
1566 2745 1647 2783 157.
