2341 3340
1218 83 1287 132 50

294 231 514 287 provinciae
544 229 813 279 constituant,
857 227 987 268 fuisse
1018 225 1296 282 Episcopos15
1335 236 1454 278 quam
1486 237 1650 278 quoque
1686 227 1930 269 sententiam
1964 241 1987 269 a
2017 226 2215 268 Planckio

295 311 343 353 V.
376 309 417 350 S.
446 309 495 351 V.
525 308 785 361 approbatam
814 307 975 347 vide02.
1034 307 1142 348 Cave
1169 319 1290 355 vero,
1335 318 1389 346 ne
1427 316 1498 344 eos
1533 317 1626 345 cum
1660 307 1986 362 Ghorepiscopis
2014 296 2215 347 Ecclesiae

296 389 516 430 orientalis
545 387 783 428 confundas.
840 387 928 427 Hos
956 387 1084 436 enim,
1123 386 1210 425 veri
1241 383 1407 436 quidem
1435 385 1611 424 nominis
1629 384 1869 438 Episcopus,
1908 385 1982 426 sed
2007 385 2216 425 inferioris

295 469 502 522 diguitatis
537 471 579 507 et
607 466 831 518 Episcopis-
851 467 1015 506 urbium
1046 466 1274 518 subjectos,
1305 464 1412 504 Asia
1444 474 1528 502 non
1556 465 1668 503 novit
1693 467 1786 504 ante
1814 477 1896 504 sec.
1922 463 1990 505 IV.
2019 467 2143 516 quum
2171 463 2217 504 in

294 546 489 587 Conciliis
512 545 847 586 Neocaesareensi
877 548 917 585 et
933 545 1150 598 Ancyrano
1180 556 1286 584 anno
1310 536 1405 583 314.
1433 541 1582 581 habitis
1609 543 1740 594 prima
1767 556 1910 584 eorum
1938 543 2010 584 fiat
2040 543 2215 591 mentio;

293 625 498 665 Occidens
535 637 634 664 vero
676 625 742 664 vix
783 628 876 664 ante
920 625 1150 665 Concilium
1181 623 1419 676 Rhegiense
1462 633 1567 661 anno
1604 620 1747 670 439.3;
1797 622 1937 663 Africa
1969 621 2215 673 nunquam4.

290 704 558 757 Eligebantur
585 704 937 757 autemEpiscopi‚
966 717 1066 756 quos
1083 703 1361 743 Tertullianus
1391 702 1444 740 de
1468 714 1618 741 corona
1645 700 1762 740 milit.
1791 712 1826 739 c.
1850 701 1891 739 3.
1918 702 2216 743 Praesidentes

291 785 487 838 appellat,
525 783 636 824 forte
668 783 777 834 quod
817 784 861 823 in
901 784 1006 823 libro
1046 783 1235 823 Ethuicis
1274 793 1436 834 quoque
1483 780 1686 820 destinato
1725 779 2024 832 Episcoporum
2065 792 2217 819 nomen

292 858 500 915 divulgare
538 863 697 911 noluit,
751 876 775 901 a
807 862 929 901 Clero
971 866 1013 900 et
1041 861 1213 914 Populo.
1287 861 1355 900 Sic
1398 862 1508 901 enim
1552 860 1804 913 Cyprianus,
1852 871 1916 911 ep.
1949 858 2018 898 67.
2051 872 2091 911 p.
2121 858 2216 899 1⁵72.

290 941 343 983 ad
383 935 619 993 Hispanos,
669 944 764 993 post
793 941 1066 980 narrationem
1110 940 1162 978 de
1199 940 1396 978 Eleazaro
1429 939 1578 978 Aronis
1616 939 1704 977 filio
1753 937 1983 978 sacerdotio
2026 938 2216 977 initiatoz

291 1022 449 1062 Coram
475 1021 596 1060 omni
622 1019 865 1073 Synagoga
886 1020 1016 1073 jubet
1049 1021 1172 1060 Deus
1201 1020 1415 1059 constitui
1440 1017 1726 1065 sacerdotem,
1761 1018 1808 1057 id
1836 1023 1916 1065 est,
1957 1018 2142 1058 instruit
2171 1021 2216 1058 et

291 1098 497 1146 ostendit,
527 1098 829 1139 ordinationes
847 1098 1144 1140 sacerdotales
1173 1111 1261 1137 non
1285 1099 1374 1137 nisi
1393 1097 1470 1137 sub
1488 1097 1649 1151 populi
1674 1097 1923 1136 assistentis
1947 1097 2215 1137 conscientia

277 1179 391 1232 fieri
425 1182 654 1231 oportere,
697 1183 749 1218 ut
785 1178 907 1232 plebe
943 1182 1167 1232 praesente
1210 1177 1279 1216 vel
1325 1176 1595 1229 detegantur
1634 1176 1850 1215 malorum
1889 1175 2100 1224 crimina,
2143 1175 2216 1215 ¹vel

288 1256 500 1297 bonorum
547 1259 707 1298 merita
742 1257 1070 1311 praedicentur,
1117 1260 1169 1295 ut
1214 1257 1273 1294 sit
1315 1255 1538 1294 ordinatio
1579 1255 1709 1307 justa
1753 1259 1797 1294 et
1838 1255 2062 1307 legitima,
2119 1267 2216 1308 quae

291 1337 489 1376 omnium
520 1337 735 1391 suffragio
768 1340 813 1376 et
846 1335 1015 1389 judicio
1043 1335 1196 1386 fuerit
1230 1334 1519 1374 examinata.-
1556 1336 1598 1372 et
1625 1336 1719 1384 post
1747 1345 1875 1385 pauca
1901 1345 1913 1371 ε
1970 1333 2217 1387 Episcopus

289 1413 515 1468 deligatur
536 1415 663 1469 plebe
691 1419 930 1469 praesente,
961 1427 1054 1467 quoe
1080 1415 1354 1467 singulorum
1379 1413 1515 1452 vitam
1542 1413 1793 1466 plenissime
1821 1413 1958 1459 novit,
1988 1417 2032 1451 et
2062 1412 2216 1451 unius-

289 1494 497 1548 cujusque
530 1499 677 1534 actum
714 1494 768 1533 de
803 1494 1137 1533 conversatione
1167 1492 1423 1546 perspexit.
1476 1489 1560 1529 Eos
1597 1489 1842 1529 Tertulliani
1879 1493 1999 1529 aetate
2023 1503 2057 1529 ‚a
2093 1489 2215 1530 Pres-

288 1571 444 1624 byteris
483 1572 613 1612 fuisse
644 1572 876 1620 distinctos,
924 1584 975 1610 ex
1011 1572 1131 1611 variis
1162 1569 1406 1610 Tertulliani
1443 1569 1544 1608 locis
1578 1573 1711 1622 patet,
1749 1570 1849 1609 licet
1880 1568 1990 1608 haud
2027 1572 2215 1608 accurate

289 1650 458 1691 decerni
478 1652 619 1704 possit,
645 1652 689 1691 in
712 1663 792 1703 quo
813 1650 1033 1690 discrimen
1053 1654 1206 1703 praeter
1223 1650 1293 1702 jus
1313 1647 1589 1688 ordinationes
1609 1637 1833 1702 peragendi
1853 1648 2030 1701 positum
2050 1646 2216 1687 fuerit5.

336 1820 353 1848 1
379 1821 589 1855 Boehmcri
619 1820 715 1855 Diss.
749 1820 779 1854 Ι.
799 1821 843 1864 Ε.
870 1819 1010 1864 Ρ.’3θ2.’
1041 1824 1047 1830 ”
1365 1820 1506 1863 primus
1530 1821 1594 1852 est.
1645 1819 1930 1854 Tertullianum
1963 1812 2092 1853 autem
2120 1811 2214 1864 Episs

333 1892 352 1920 2
378 1890 608 1925 Gescl1ichte
631 1891 699 1924 der
730 1889 976 1925 kirchlichen
999 1891 1226 1926 versassun-
1368 1888 1518 1932 scopale
1545 1899 1682 1923 munus
1707 1901 1776 1934 pro
1797 1889 2015 1934 Apostolico
2038 1888 2213 1924 instituto

384 1948 458 2006 gen
480 1961 509 1995 I.
541 1972 576 2005 p.
601 1960 659 1995 7¹7.

335 2031 352 2058 3
377 2030 554 2065 Knittclii
572 2029 704 2081 Prisca
721 2030 824 2065 ruris
849 2030 1008 2065 ecclesia
1036 2043 1071 2076 p.
1092 2029 1149 2065 36.
1167 2008 1225 2065 51.

335 2101 354 2129 4
380 2100 627 2135 Thomassini
680 2104 790 2135 vetus
839 2105 876 2135 et
911 2111 1010 2135 nova
1047 2100 1226 2135 Ecclesiae

380 2170 581 2216 disciplina
602 2169 644 2205 P.
664 2170 694 2205 I.
719 2170 760 2205 L.
783 2171 834 2205 II.
861 2183 891 2205 e.
910 2170 944 2204 1.

332 2240 351 2269 5
377 2225 523 2275 Eadem
551 2243 653 2275 certe
675 2240 751 2275 fuit
770 2241 867 2276 ratio
897 2241 936 2275 in
961 2240 1113 2283 Africa,
1144 2252 1225 2284 quae

379 2311 420 2346 in
448 2311 597 2356 reliqua
621 2310 754 2355 priscae
780 2311 886 2345 illius
919 2309 1038 2344 aetatis
1065 2310 1226 2345 ecelesia

379 2382 515 2423 valuit,
543 2391 657 2425 quam
676 2381 803 2429 seculo
826 2381 952 2415 adhuc
964 2381 1026 2414 IV.
1043 2380 1225 2415 indicavit

378 2451 555 2487 Hilarius
580 2449 830 2484 Pictaviensis
860 2451 897 2485 in
919 2451 949 2484 I.
981 2451 1028 2484 ad
1048 2450 1222 2485 Timoth.

381 2535 411 2556 c.
431 2520 465 2555 3.
517 2519 639 2554 Omnis
670 2521 867 2565 Episcopus
898 2521 1115 2565 Presbyter3
1151 2532 1223 2554 non

378 2597 501 2627 tamen
533 2590 644 2624 omnis
674 2590 867 2636 Presbyter
898 2591 1119 2635 Episcopus,·
1162 2590 1221 2624 hic

379 2661 472 2698 enim
490 2661 687 2707 Episcopus
707 2665 772 2703 est,
800 2661 863 2707 qui
881 2661 973 2696 inter
985 2661 1220 2706 Presbyteros

1369 1958 1564 2001 hahuisse,
1589 1962 1693 2004 patet
1716 1971 1760 1994 ex
1782 1960 1863 2002 ejus
1883 1959 1984 1994 libro
1997 1959 2043 1993 de
2065 1970 2214 2004 praescr.

1368 2029 1499 2063 haeret.
1525 2041 1555 2063 c.
1576 2028 1634 2064 32.
1664 2030 1710 2064 de
1741 2031 1838 2076 fuga
1861 2030 1900 2064 in
1932 2041 2073 2074 perseo.
2097 2040 2130 2064 c.
2154 2028 2214 2064 13.

1369 2097 1484 2133 sicuti
1520 2104 1668 2144 quoque
1710 2100 1830 2138 trium
1871 2099 2080 2142 ordinum,
2128 2099 2154 2134 i.
2180 2111 2213 2145 e.

1367 2169 1679 2215 Episcoporum„
1718 2170 2060 2215 ffioebyterorum,
2099 2172 2213 2214 atque

1366 2240 1625 2274 Diaconorum
1664 2227 1783 2273 semel
1816 2243 1929 2283 atque
1960 2239 2103 2273 iterum
2130 2250 2212 2273 me-

1367 2310 1491 2345 minit.
1551 2311 1607 2343 De
1641 2311 1736 2355 fuga
1765 2309 1803 2343 in
1834 2321 1975 2353 perseo.
2011 2321 2041 2344 c.
2071 2309 2127 2344 11.
2164 2310 2211 2344 de

1366 2380 1556 2424 baptismo
1576 2392 1605 2414 c.
1624 2379 1680 2413 17.
1706 2391 1775 2413 nec
1794 2379 1954 2424 impedit
1975 2379 2067 2414 side
2081 2390 2209 2424 praesc.

1368 2463 1397 2484 c.
1427 2450 1462 2484 3.
1503 2451 1549 2484 de
1578 2449 1753 2494 episcopo
1792 2454 1942 2483 tantum
1973 2453 2010 2484 et
2053 2450 2209 2484 diacono

1363 2520 1568 2564 loquatur,
1601 2531 1688 2553 nam
1717 2519 1866 2554 ordines
1896 2521 1935 2554 h.
1959 2520 1983 2554 l.
2009 2520 2113 2554 haud
2145 2530 2208 2554 ac-

1366 2593 1495 2624 curate
1525 2593 1722 2624 recenset:
1770 2589 1877 2624 addit
1907 2590 2008 2623 enim
2036 2589 2207 2632 viduam,

1363 2659 1570 2706 virginem.
1600 2659 1807 2702 doctorem,
1833 2662 2056 2705 martyrem.
2091 2659 2208 2694 Haud
