2341 3340
1216 113 1284 158 88

283 258 449 300 Glossas
482 259 522 298 et
552 255 910 311 interpretationes
938 254 982 297 in
1010 259 1166 298 textum
1197 255 1361 296 admisit
1388 267 1425 297 v.
1455 269 1491 296 c.
1522 255 1616 297 Joh.
1650 254 1720 297 ΙΙΙ.
1747 253 1846 306 (isti,
1887 267 2042 307 suaque
2070 260 2209 301 aucto÷

283 340 406 380 ritate
438 342 480 378 et
515 339 701 391 exemplo
738 337 888 382 Patres„
909 336 1077 377 Latinos
1119 336 1188 389 qui
1221 339 1315 389 post
1343 348 1437 376 eum
1473 335 1702 376 floruerunt
1731 336 1776 375 in
1811 335 1989 376 eundem
2029 349 2210 380 errorem

287 418 421 458 traxit.

465 496 527 537 De
555 499 605 537 iis
637 499 763 550 igitur
800 498 1077 545 versionibus,
1124 496 1269 546 quibus
1303 506 1401 535 usus
1441 499 1504 536 est
1540 496 1815 537 Tertullianus
1833 525 1844 546 ,
1885 494 2094 536 Ξειηῖεωε
2123 495 2212 537 -Ιιοο

286 576 371 617 fert
393 576 597 630 judicium
609 576 665 615 14:
702 590 768 616 eas
788 577 922 617 verbis
940 576 1095 616 Graecis
1114 575 1348 624 adhaerere3
1381 586 1417 615 V.
1434 589 1469 615 c.
1493 577 1674 616 scribere
1688 578 1931 624 mammem,
1957 576 2213 630 Prophetes,
2263 557 2276 563 ἢ

290 656 560 704 duricordia,
592 659 817 712 nullificet,
847 658 1077 711 placibilis,
1112 656 1371 702 Samarites,
1406 656 1646 704 litterator,
1686 657 1910 709 genimina
1943 656 2210 709 viperarum,

290 735 640 790 salutificator&
672 738 948 790 confitebitur
977 739 1023 777 in
1046 750 1125 784 me,
1156 735 1522 783 munditenentes,
1552 736 1821 787 conformale
1848 735 2036 787 corpori,
2065 745 2217 787 super-

294 816 534 862 vincimus,
577 829 905 869 supergressum
953 819 999 856 in
1042 828 1396 870 supergressum,
1446 816 1584 869 qualis
1621 814 1792 855 choicus
1835 814 1947 853 tales
1984 818 2027 852 et
2070 812 2217 852 choici.

295 893 320 932 1
352 892 445 932 Cor.
477 892 566 933 XV.
593 893 660 932 53.
691 898 792 942 etc.;
847 895 1206 944 interpretationes
1249 895 1371 933 simul
1408 894 1664 942 immiscere,
1707 905 1744 932 v.
1783 905 1818 931 e.
1848 891 1943 931 Joh.
1972 888 2042 928 III.
2068 889 2108 928 6.
2146 887 2221 943 (de

296 983 417 1010 carne
440 970 540 1010 Chr.
562 985 599 1010 c.
614 971 699 1022 17.)
733 973 758 1011 1
781 971 875 1011 Joh.
900 970 967 1011 IV.
983 971 1022 1009 3.
1054 970 1112 1025 (c.
1129 971 1259 1010 Marc.
1274 971 1325 1011 V.
1342 969 1430 1024 16.)
1464 973 1488 1010 1
1508 972 1602 1010 Cor.
1622 971 1692 1012 VI.
1710 972 1777 1011 20.
1809 970 1884 1026 (de
1907 971 2042 1023 pudic.
2063 983 2098 1009 c.
2118 965 2221 1021 16.)-

473 1050 513 1089 3.
572 1052 674 1102 Quae
702 1064 799 1090 vero
834 1064 885 1090 ex
913 1051 994 1089 illis
1026 1051 1281 1089 versionibus
1296 1050 1465 1099 Latinis,
1499 1051 1644 1101 quibus
1675 1054 1843 1090 utuntur
1870 1055 2007 1103 patres
2025 1048 2223 1096 Africani,

296 1143 548 1182 quarumque
579 1130 822 1183 fragmenta,
853 1129 1125 1169 aSabbaterio
1155 1130 1340 1182 inprimis
1370 1130 1553 1169 studiose
1586 1129 1772 1178 collecta,
1800 1130 1844 1168 in
1871 1129 2225 1183 eorumoperibus

299 1213 538 1261 supersunt,
576 1222 600 1248 e
631 1211 908 1249 transmarinis
936 1210 1171 1261 regionibns
1200 1210 1242 1249 in
1274 1209 1460 1249 Africam
1493 1208 1702 1257 advectae,
1740 1211 1809 1247 aut
1839 1208 1883 1248 in
1911 1210 1998 1261 ipsa
2028 1210 2105 1249 hac
2131 1220 2225 1262 pro-

300 1286 441 1328 vincia
460 1302 483 1328 a
516 1288 759 1328 Christianis
789 1289 923 1337 Afris,
965 1302 987 1328 a
1018 1288 1254 1327 doctoribus
1282 1289 1482 1341 majorum
1510 1288 1777 1327 ecclesiarum
1817 1288 1987 1340 aliisque
2023 1289 2228 1328 translatae

300 1349 471 1417 fuerint,
504 1368 697 1420 equidem
731 1364 925 1418 decidere
952 1368 1065 1407 haud
1093 1368 1246 1407 ausim:
1285 1372 1482 1416 attamen,
1520 1367 1590 1405 ubi
1619 1368 1846 1406 accuratius
1877 1368 2227 1414 examinabuntur,

301 1451 422 1497 atque
453 1460 544 1486 cum
571 1449 771 1487 latinitate
801 1447 994 1500 Apuleji,
1033 1447 1144 1487 forte
1182 1447 1304 1486 etiam
1337 1448 1581 1496 Frontonis,
1622 1450 1664 1486 et
1692 1446 1860 1485 Patrum
1889 1447 2086 1486 Afrorum
2118 1458 2229 1485 com-

302 1529 520 1577 ponentur,
553 1526 665 1565 haud
692 1525 836 1564 dubito
866 1527 965 1577 quin
988 1527 1031 1565 in
1053 1527 1259 1565 nonnullis
1282 1527 1443 1566 indoles
1465 1527 1663 1566 sermonis
1678 1525 1861 1565 Africani
1888 1524 2232 1577 deprehendatur.

307 1602 434 1657 Cujus
464 1606 626 1657 generis
655 1605 840 1644 fortassis
871 1608 1010 1654 erunt,
1046 1609 1198 1658 praeter
1227 1606 1343 1658 plura
1361 1607 1485 1646 verba
1513 1618 1609 1661 mox
1631 1605 1789 1655 adlata,
1822 1607 2057 1658 sequentia:

487 1684 592 1724 Gen.
629 1684 660 1723 I.
689 1684 729 1722 2.
770 1690 894 1724 terra
944 1685 1244 1738 incomposita.
1310 1685 1380 1724 27.
1427 1686 1488 1725 ad
1525 1686 1763 1737 imaginem
1805 1692 1849 1725 et
1903 1685 2233 1725 similitudinem

308 1765 560 1804 vivacitatis
601 1778 705 1805 suae.
763 1763 831 1802 29.
854 1766 1010 1816 faenus
1050 1765 1349 1804 sementivum.
1411 1764 1478 1804 11.
1510 1763 1579 1803 21.
1622 1766 1816 1805 amentia
1855 1777 1930 1816 pro
1967 1764 2142 1812 exstas13
2191 1766 2235 1802 et

296 1846 415 1897 fines
444 1856 638 1883 oevorum
669 1843 694 1881 1
726 1842 821 1880 Cor.
857 1841 908 1880 X.
939 1841 1006 1879 11.
1037 1842 1324 1894 incorruptio,
1358 1842 1402 1879 in
1431 1842 1519 1880 aliis
1544 1843 1862 1897 incorruptela,
1894 1847 1937 1882 et
1966 1843 2234 1897 incorrupti-

310 1936 425 1969 vum,
460 1921 485 1960 1
504 1920 598 1960 Cor.
613 1919 701 1961 XV.
718 1920 786 1969 53,
805 1919 873 1959 56.
938 1919 1087 1959 Virtus
1116 1924 1264 1959 autem
1290 1919 1602 1973 delinquentiae
1632 1912 1830 1960 leoe'ibid.
1851 1933 1887 1961 v.
1908 1920 1976 1960 56.
2033 1920 2236 1962 Universe

312 2000 605 2040 attendendum
640 2003 703 2038 est
742 1999 794 2039 ad
826 1999 951 2039 verba
983 1997 1200 2050 Augustini
1240 1997 1292 2054 de
1333 1997 1518 2038 doctrina
1551 1997 1782 2039 Christiana
1813 1999 1863 2039 ΙΙ.
1893 2012 1928 2040 c.
1957 2000 2023 2040 11.
2057 2012 2147 2051 quae
2183 1999 2239 2039 de

313 2079 519 2120 Africanis
551 2092 712 2130 quoque
740 2079 993 2118 versionibus
1021 2078 1176 2117 valent:
1209 2082 1258 2117 ut
1289 2078 1489 2131 cuiquam
1516 2079 1562 2117 in
1581 2092 1735 2119 manus
1758 2081 1879 2120 venit
1896 2080 2029 2120 codex
2041 2080 2235 2127 Graecus,

316 2165 361 2200 et
390 2160 711 2213 aliquantulum
729 2159 973 2211 facultatis
1000 2158 1084 2197 sibi
1110 2159 1336 2211 utriusque
1365 2158 1529 2210 linguae
1556 2157 1712 2197 habere
1741 2158 1985 2206 videbatur,
2016 2172 2148 2199 ausus
2171 2164 2237 2199 est

317 2239 613 2292 interpretari
620 2252 637 2284 ,·
675 2236 786 2276 unde
813 2236 1076 2288 intelligitur,
1116 2236 1214 2287 quid
1244 2236 1322 2276 sibi
1353 2238 1460 2276 velit
1490 2242 1620 2279 tanta
1650 2236 1912 2279 Latinorum
1945 2240 2238 2292 interpretum

343 2394 380 2423 13
404 2395 569 2430 Semleri
598 2394 756 2429 Dissert.
788 2393 828 2429 in
848 2393 1012 2428 Tertull.
1033 2393 1063 2428 Ι.
1090 2392 1185 2437 Opp.
1209 2394 1251 2427 V.
1393 2396 1528 2433 menta,
1541 2393 1813 2437 naturificatus,
1832 2393 2092 2437 nullificamen,
2102 2394 2238 2428 sancti-

415 2477 451 2510 p.
476 2464 556 2499 255.
1392 2462 1540 2506 ficiam,
1585 2461 1759 2507 aliaque,
1804 2474 1885 2508 quae
1925 2462 1965 2497 in
2000 2463 2238 2498 Tertulliano

346 2549 381 2578 14
405 2549 504 2584 Ibid·
531 2562 567 2594 P·
593 2548 674 2584 589·
1400 2531 1593 2577 leguntur.
1637 2532 1808 2569 Iudicem
1828 2532 2045 2576 Latinitatis
2074 2532 2237 2568 Tertull.

1403 2600 1693 2637 Semlerianum.

346 2635 381 2663 15
405 2634 493 2670 Afri
522 2636 646 2669 multa
677 2645 776 2669 nova
807 2634 927 2669 verba
961 2645 983 2669 a
1005 2634 1124 2668 verbo
1155 2633 1261 2677 facio

419 2705 664 2746 derivarunt,
701 2716 756 2739 cx.
785 2717 843 2749 gr.
879 2705 1109 2748 cashz‘ficare,
1141 2704 1261 2747 facti-
