<?xml version="1.0" encoding="UTF-8"?>
<!DOCTYPE html PUBLIC "-//W3C//DTD XHTML 1.0 Transitional//EN"
    "http://www.w3.org/TR/xhtml1/DTD/xhtml1-transitional.dtd">
<html xmlns="http://www.w3.org/1999/xhtml" xml:lang="en" lang="en">
 <head>
  <title>
</title>
<meta http-equiv="Content-Type" content="text/html;charset=utf-8" />
  <meta name='ocr-system' content='tesseract 3.04.00' />
  <meta name='ocr-capabilities' content='ocr_page ocr_carea ocr_par ocr_line ocrx_word'/>
</head>
<body>
  <div class='ocr_page' id='page_1' title='image "./fredericimnter00mn_0065.png"; bbox 0 0 2341 3340; ppageno 0'>
   <div class='ocr_carea' id='block_1_1' title="bbox 1035 133 1101 180">
    <p class='ocr_par' dir='ltr' id='par_1_1' title="bbox 1035 133 1101 180">
     <span class='ocr_line' id='line_1_1' title="bbox 1035 133 1101 180; baseline -0.015 0"><span class='ocrx_word' id='word_1_1' title='bbox 1035 133 1101 180; x_wconf 75' lang='lat'><strong>53</strong></span> 
     </span>
    </p>
   </div>
   <div class='ocr_carea' id='block_1_2' title="bbox 105 270 2021 1978">
    <p class='ocr_par' dir='ltr' id='par_1_2' title="bbox 106 270 2021 1188">
     <span class='ocr_line' id='line_1_2' title="bbox 116 270 2018 335; baseline 0.003 -19"><span class='ocrx_word' id='word_1_2' title='bbox 116 274 400 316; x_wconf 88' lang='lat' dir='ltr'><strong>communione</strong></span> <span class='ocrx_word' id='word_1_3' title='bbox 453 275 620 314; x_wconf 80' lang='lat' dir='ltr'><strong>externa</strong></span> <span class='ocrx_word' id='word_1_4' title='bbox 669 283 765 312; x_wconf 83' lang='lat' dir='ltr'><strong>cum</strong></span> <span class='ocrx_word' id='word_1_5' title='bbox 810 270 1026 324; x_wconf 86' lang='lat' dir='ltr'><strong>Episcopis</strong></span> <span class='ocrx_word' id='word_1_6' title='bbox 1073 276 1247 335; x_wconf 86' lang='lat' dir='ltr'><strong>poneret</strong></span> <span class='ocrx_word' id='word_1_7' title='bbox 1263 271 1324 322; x_wconf 77' lang='lat'><strong>¹⁶,</strong></span> <span class='ocrx_word' id='word_1_8' title='bbox 1373 276 1496 324; x_wconf 82' lang='lat' dir='ltr'><strong>atque</strong></span> <span class='ocrx_word' id='word_1_9' title='bbox 1543 276 1780 329; x_wconf 82' lang='lat' dir='ltr'><strong>dignitatem</strong></span> <span class='ocrx_word' id='word_1_10' title='bbox 1825 280 2018 335; x_wconf 80' lang='lat' dir='ltr'><strong>Episcopi</strong></span> 
     </span>
     <span class='ocr_line' id='line_1_3' title="bbox 114 349 2016 415; baseline 0.005 -21"><span class='ocrx_word' id='word_1_11' title='bbox 114 353 290 394; x_wconf 85' lang='lat' dir='ltr'><strong>Romani</strong></span> <span class='ocrx_word' id='word_1_12' title='bbox 321 367 344 393; x_wconf 85' lang='lat' dir='ltr'><strong>a</strong></span> <span class='ocrx_word' id='word_1_13' title='bbox 364 352 488 393; x_wconf 86' lang='lat' dir='ltr'><strong>Petro</strong></span> <span class='ocrx_word' id='word_1_14' title='bbox 518 352 745 398; x_wconf 83' lang='lat' dir='ltr'><strong>derivaret,</strong></span> <span class='ocrx_word' id='word_1_15' title='bbox 786 362 864 401; x_wconf 88' lang='lat' dir='ltr'><strong>qua</strong></span> <span class='ocrx_word' id='word_1_16' title='bbox 895 361 1056 401; x_wconf 87' lang='lat' dir='ltr'><strong>quoque</strong></span> <span class='ocrx_word' id='word_1_17' title='bbox 1093 349 1145 389; x_wconf 86' lang='lat' dir='ltr'><strong>de</strong></span> <span class='ocrx_word' id='word_1_18' title='bbox 1178 362 1300 390; x_wconf 83' lang='lat' dir='ltr'><strong>causa</strong></span> <span class='ocrx_word' id='word_1_19' title='bbox 1339 349 1567 392; x_wconf 82' lang='lat' dir='ltr'><strong>Ecclesiam</strong></span> <span class='ocrx_word' id='word_1_20' title='bbox 1595 354 1818 399; x_wconf 82' lang='lat' dir='ltr'>Romanam</span> <span class='ocrx_word' id='word_1_21' title='bbox 1847 364 2016 415; x_wconf 76' lang='lat' dir='ltr'><strong>princi-</strong></span> 
     </span>
     <span class='ocr_line' id='line_1_4' title="bbox 110 418 2020 487; baseline 0.004 -15"><span class='ocrx_word' id='word_1_22' title='bbox 110 434 258 487; x_wconf 79' lang='lat' dir='ltr'><strong>palem</strong></span> <span class='ocrx_word' id='word_1_23' title='bbox 283 418 396 480; x_wconf 66' lang='lat' dir='ltr'><strong>dixit,</strong></span> <span class='ocrx_word' id='word_1_24' title='bbox 427 430 539 471; x_wconf 76' lang='lat' dir='ltr'><strong>unde</strong></span> <span class='ocrx_word' id='word_1_25' title='bbox 569 429 718 469; x_wconf 77' lang='lat' dir='ltr'><strong>unitas</strong></span> <span class='ocrx_word' id='word_1_26' title='bbox 749 428 987 469; x_wconf 75' lang='lat' dir='ltr'><strong>sacerdotii</strong></span> <span class='ocrx_word' id='word_1_27' title='bbox 1012 434 1167 470; x_wconf 69' lang='lat' dir='ltr'><strong>exorta</strong></span> <span class='ocrx_word' id='word_1_28' title='bbox 1199 428 1317 478; x_wconf 64' lang='lat' dir='ltr'><strong>situ,</strong></span> <span class='ocrx_word' id='word_1_29' title='bbox 1353 429 1564 482; x_wconf 77' lang='lat' dir='ltr'><strong>Stephano</strong></span> <span class='ocrx_word' id='word_1_30' title='bbox 1591 431 1644 471; x_wconf 87' lang='lat' dir='ltr'><strong>R.</strong></span> <span class='ocrx_word' id='word_1_31' title='bbox 1674 434 1724 473; x_wconf 85' lang='lat' dir='ltr'><strong>E.</strong></span> <span class='ocrx_word' id='word_1_32' title='bbox 1753 438 1950 479; x_wconf 82' lang='lat' dir='ltr'><strong>restiterit</strong></span> <span class='ocrx_word' id='word_1_33' title='bbox 1976 440 2020 482; x_wconf 87' lang='lat' dir='ltr'><strong>in</strong></span> 
     </span>
     <span class='ocr_line' id='line_1_5' title="bbox 116 505 2019 573; baseline 0.004 -24"><span class='ocrx_word' id='word_1_34' title='bbox 116 511 338 562; x_wconf 68' lang='lat' dir='ltr'><strong>quaestione</strong></span> <span class='ocrx_word' id='word_1_35' title='bbox 374 508 426 547; x_wconf 93' lang='lat' dir='ltr'><strong>de</strong></span> <span class='ocrx_word' id='word_1_36' title='bbox 463 507 662 558; x_wconf 86' lang='lat' dir='ltr'><strong>baptismo</strong></span> <span class='ocrx_word' id='word_1_37' title='bbox 702 505 992 573; x_wconf 61' lang='lat' dir='ltr'><strong>haereticorum</strong></span> <span class='ocrx_word' id='word_1_38' title='bbox 1011 536 1023 555; x_wconf 90' lang='lat'>‚</span> <span class='ocrx_word' id='word_1_39' title='bbox 1069 511 1112 547; x_wconf 84' lang='lat' dir='ltr'><strong>et</strong></span> <span class='ocrx_word' id='word_1_40' title='bbox 1151 520 1270 558; x_wconf 88' lang='lat' dir='ltr'><strong>quam</strong></span> <span class='ocrx_word' id='word_1_41' title='bbox 1305 521 1446 559; x_wconf 88' lang='lat' dir='ltr'><strong>parum</strong></span> <span class='ocrx_word' id='word_1_42' title='bbox 1480 509 1519 548; x_wconf 90' lang='lat' dir='ltr'><strong>ei</strong></span> <span class='ocrx_word' id='word_1_43' title='bbox 1549 512 1745 562; x_wconf 86' lang='lat' dir='ltr'><strong>cesserit,</strong></span> <span class='ocrx_word' id='word_1_44' title='bbox 1795 527 1917 566; x_wconf 90' lang='lat' dir='ltr'><strong>quum</strong></span> <span class='ocrx_word' id='word_1_45' title='bbox 1952 518 2019 557; x_wconf 78' lang='lat' dir='ltr'><strong>vel</strong></span> 
     </span>
     <span class='ocr_line' id='line_1_6' title="bbox 113 584 2020 647; baseline 0.004 -20"><span class='ocrx_word' id='word_1_46' title='bbox 113 589 238 627; x_wconf 83' lang='lat' dir='ltr'><strong>verba</strong></span> <span class='ocrx_word' id='word_1_47' title='bbox 262 587 415 626; x_wconf 84' lang='lat' dir='ltr'><strong>Christi</strong></span> <span class='ocrx_word' id='word_1_48' title='bbox 453 585 505 624; x_wconf 89' lang='lat' dir='ltr'><strong>ad</strong></span> <span class='ocrx_word' id='word_1_49' title='bbox 535 584 704 624; x_wconf 84' lang='lat' dir='ltr'><strong>Petrum</strong></span> <span class='ocrx_word' id='word_1_50' title='bbox 745 585 894 625; x_wconf 81' lang='lat' dir='ltr'><strong>Matth.</strong></span> <span class='ocrx_word' id='word_1_51' title='bbox 918 584 1028 626; x_wconf 82' lang='lat' dir='ltr'><strong>XVI.</strong></span> <span class='ocrx_word' id='word_1_52' title='bbox 1056 585 1123 625; x_wconf 73' lang='lat'><strong>17.</strong></span> <span class='ocrx_word' id='word_1_53' title='bbox 1155 585 1222 625; x_wconf 81' lang='grc'><strong>18.</strong></span> <span class='ocrx_word' id='word_1_54' title='bbox 1259 586 1337 625; x_wconf 88' lang='lat' dir='ltr'><strong>sibi</strong></span> <span class='ocrx_word' id='word_1_55' title='bbox 1373 599 1490 637; x_wconf 87' lang='lat' dir='ltr'><strong>aeque</strong></span> <span class='ocrx_word' id='word_1_56' title='bbox 1525 600 1572 627; x_wconf 85' lang='lat' dir='ltr'><strong>ac</strong></span> <span class='ocrx_word' id='word_1_57' title='bbox 1603 588 1787 631; x_wconf 82' lang='lat' dir='ltr'><strong>Romano</strong></span> <span class='ocrx_word' id='word_1_58' title='bbox 1815 592 2020 647; x_wconf 87' lang='lat' dir='ltr'><strong>Episcopo</strong></span> 
     </span>
     <span class='ocr_line' id='line_1_7' title="bbox 114 664 2020 722; baseline 0.005 -17"><span class='ocrx_word' id='word_1_59' title='bbox 114 664 245 713; x_wconf 87' lang='lat' dir='ltr'><strong>dicta,</strong></span> <span class='ocrx_word' id='word_1_60' title='bbox 288 664 340 703; x_wconf 92' lang='lat' dir='ltr'><strong>de</strong></span> <span class='ocrx_word' id='word_1_61' title='bbox 371 677 417 704; x_wconf 89' lang='lat' dir='ltr'><strong>se</strong></span> <span class='ocrx_word' id='word_1_62' title='bbox 455 676 571 716; x_wconf 86' lang='lat' dir='ltr'><strong>aeque</strong></span> <span class='ocrx_word' id='word_1_63' title='bbox 598 676 644 703; x_wconf 86' lang='lat' dir='ltr'><strong>ac</strong></span> <span class='ocrx_word' id='word_1_64' title='bbox 677 664 729 703; x_wconf 90' lang='lat' dir='ltr'><strong>de</strong></span> <span class='ocrx_word' id='word_1_65' title='bbox 758 664 850 712; x_wconf 88' lang='lat' dir='ltr'><strong>illo,</strong></span> <span class='ocrx_word' id='word_1_66' title='bbox 884 666 930 703; x_wconf 91' lang='lat' dir='ltr'><strong>ut</strong></span> <span class='ocrx_word' id='word_1_67' title='bbox 957 664 1246 716; x_wconf 85' lang='lat' dir='ltr'><strong>Apostolorum</strong></span> <span class='ocrx_word' id='word_1_68' title='bbox 1275 666 1601 716; x_wconf 79' lang='lat' dir='ltr'><strong>successoribus,</strong></span> <span class='ocrx_word' id='word_1_69' title='bbox 1638 669 1901 722; x_wconf 81' lang='lat' dir='ltr'><strong>intelligenda</strong></span> <span class='ocrx_word' id='word_1_70' title='bbox 1929 685 2020 713; x_wconf 87' lang='lat' dir='ltr'><strong>esse</strong></span> 
     </span>
     <span class='ocr_line' id='line_1_8' title="bbox 111 742 2020 797; baseline 0.004 -14"><span class='ocrx_word' id='word_1_71' title='bbox 111 744 321 783; x_wconf 78' lang='lat' dir='ltr'><strong>statueret.</strong></span> <span class='ocrx_word' id='word_1_72' title='bbox 394 743 503 793; x_wconf 77' lang='lat' dir='ltr'><strong>Quin</strong></span> <span class='ocrx_word' id='word_1_73' title='bbox 549 744 682 795; x_wconf 89' lang='lat' dir='ltr'><strong>ipsum</strong></span> <span class='ocrx_word' id='word_1_74' title='bbox 727 743 836 794; x_wconf 88' lang='lat' dir='ltr'><strong>quod</strong></span> <span class='ocrx_word' id='word_1_75' title='bbox 881 742 933 781; x_wconf 87' lang='lat' dir='ltr'><strong>de</strong></span> <span class='ocrx_word' id='word_1_76' title='bbox 975 743 1157 795; x_wconf 84' lang='lat' dir='ltr'><strong>legitima</strong></span> <span class='ocrx_word' id='word_1_77' title='bbox 1202 742 1383 783; x_wconf 87' lang='lat' dir='ltr'><strong>Cornelii</strong></span> <span class='ocrx_word' id='word_1_78' title='bbox 1426 744 1469 783; x_wconf 90' lang='lat' dir='ltr'><strong>in</strong></span> <span class='ocrx_word' id='word_1_79' title='bbox 1504 744 1752 797; x_wconf 83' lang='lat' dir='ltr'><strong>Episcopum</strong></span> <span class='ocrx_word' id='word_1_80' title='bbox 1790 749 2020 791; x_wconf 86' lang='lat' dir='ltr'><strong>Romanum</strong></span> 
     </span>
     <span class='ocr_line' id='line_1_9' title="bbox 110 821 2021 877; baseline 0.004 -17"><span class='ocrx_word' id='word_1_81' title='bbox 110 821 313 861; x_wconf 85' lang='lat' dir='ltr'><strong>electione</strong></span> <span class='ocrx_word' id='word_1_82' title='bbox 346 821 490 862; x_wconf 87' lang='lat' dir='ltr'><strong>habuit</strong></span> <span class='ocrx_word' id='word_1_83' title='bbox 525 834 717 868; x_wconf 83' lang='lat' dir='ltr'><strong>examen,</strong></span> <span class='ocrx_word' id='word_1_84' title='bbox 763 821 897 860; x_wconf 88' lang='lat' dir='ltr'><strong>missis</strong></span> <span class='ocrx_word' id='word_1_85' title='bbox 928 821 1086 861; x_wconf 87' lang='lat' dir='ltr'><strong>duobus</strong></span> <span class='ocrx_word' id='word_1_86' title='bbox 1116 822 1352 874; x_wconf 84' lang='lat' dir='ltr'><strong>Episcopis‚</strong></span> <span class='ocrx_word' id='word_1_87' title='bbox 1405 822 1627 864; x_wconf 79' lang='lat' dir='ltr'><strong>Caledonio</strong></span> <span class='ocrx_word' id='word_1_88' title='bbox 1660 830 1703 865; x_wconf 87' lang='lat' dir='ltr'><strong>et</strong></span> <span class='ocrx_word' id='word_1_89' title='bbox 1734 826 2021 877; x_wconf 70' lang='lat' dir='ltr'><strong>Fortunatoffi,</strong></span> 
     </span>
     <span class='ocr_line' id='line_1_10' title="bbox 109 899 2021 957; baseline 0.004 -18"><span class='ocrx_word' id='word_1_90' title='bbox 109 899 271 940; x_wconf 80' lang='lat' dir='ltr'><strong>abunde</strong></span> <span class='ocrx_word' id='word_1_91' title='bbox 300 899 451 949; x_wconf 76' lang='lat' dir='ltr'><strong>docet,</strong></span> <span class='ocrx_word' id='word_1_92' title='bbox 491 913 610 952; x_wconf 88' lang='lat' dir='ltr'><strong>quam</strong></span> <span class='ocrx_word' id='word_1_93' title='bbox 640 901 763 952; x_wconf 80' lang='lat' dir='ltr'><strong>longe</strong></span> <span class='ocrx_word' id='word_1_94' title='bbox 791 899 980 940; x_wconf 85' lang='lat' dir='ltr'><strong>Ecclesia</strong></span> <span class='ocrx_word' id='word_1_95' title='bbox 1005 900 1199 940; x_wconf 83' lang='lat' dir='ltr'><strong>Africana</strong></span> <span class='ocrx_word' id='word_1_96' title='bbox 1230 901 1407 940; x_wconf 81' lang='lat' dir='ltr'><strong>abfuerit</strong></span> <span class='ocrx_word' id='word_1_97' title='bbox 1436 903 1484 941; x_wconf 86' lang='lat' dir='ltr'><strong>ab</strong></span> <span class='ocrx_word' id='word_1_98' title='bbox 1519 904 1630 942; x_wconf 89' lang='lat' dir='ltr'><strong>omni</strong></span> <span class='ocrx_word' id='word_1_99' title='bbox 1657 904 1933 957; x_wconf 84' lang='lat' dir='ltr'><strong>subjectione,</strong></span> <span class='ocrx_word' id='word_1_100' title='bbox 1979 912 2021 947; x_wconf 90' lang='lat' dir='ltr'><strong>et</strong></span> 
     </span>
     <span class='ocr_line' id='line_1_11' title="bbox 110 978 2021 1036; baseline 0.004 -16"><span class='ocrx_word' id='word_1_101' title='bbox 110 991 230 1031; x_wconf 86' lang='lat' dir='ltr'><strong>quam</strong></span> <span class='ocrx_word' id='word_1_102' title='bbox 260 992 495 1032; x_wconf 88' lang='lat' dir='ltr'><strong>persuasum</strong></span> <span class='ocrx_word' id='word_1_103' title='bbox 529 979 606 1018; x_wconf 91' lang='lat' dir='ltr'><strong>sibi</strong></span> <span class='ocrx_word' id='word_1_104' title='bbox 636 978 847 1026; x_wconf 82' lang='lat' dir='ltr'><strong>habuerit,</strong></span> <span class='ocrx_word' id='word_1_105' title='bbox 889 980 1073 1018; x_wconf 88' lang='lat' dir='ltr'><strong>omnibus</strong></span> <span class='ocrx_word' id='word_1_106' title='bbox 1104 979 1287 1018; x_wconf 89' lang='lat' dir='ltr'><strong>ecclesiis</strong></span> <span class='ocrx_word' id='word_1_107' title='bbox 1323 992 1438 1030; x_wconf 80' lang='lat' dir='ltr'><strong>aequa</strong></span> <span class='ocrx_word' id='word_1_108' title='bbox 1479 986 1713 1034; x_wconf 85' lang='lat' dir='ltr'><strong>competere</strong></span> <span class='ocrx_word' id='word_1_109' title='bbox 1745 984 1852 1036; x_wconf 83' lang='lat' dir='ltr'><strong>jura.</strong></span> <span class='ocrx_word' id='word_1_110' title='bbox 1916 986 2021 1027; x_wconf 81' lang='lat' dir='ltr'><strong>Haec</strong></span> 
     </span>
     <span class='ocr_line' id='line_1_12' title="bbox 108 1058 2019 1113; baseline 0.005 -17"><span class='ocrx_word' id='word_1_111' title='bbox 108 1070 228 1106; x_wconf 86' lang='lat' dir='ltr'><strong>vero,</strong></span> <span class='ocrx_word' id='word_1_112' title='bbox 274 1072 397 1110; x_wconf 89' lang='lat' dir='ltr'><strong>quum</strong></span> <span class='ocrx_word' id='word_1_113' title='bbox 431 1071 498 1097; x_wconf 88' lang='lat' dir='ltr'><strong>res</strong></span> <span class='ocrx_word' id='word_1_114' title='bbox 533 1061 699 1109; x_wconf 83' lang='lat' dir='ltr'><strong>tangant</strong></span> <span class='ocrx_word' id='word_1_115' title='bbox 737 1061 849 1097; x_wconf 76' lang='lat' dir='ltr'><strong>extra</strong></span> <span class='ocrx_word' id='word_1_116' title='bbox 884 1058 1034 1097; x_wconf 90' lang='lat' dir='ltr'><strong>limites</strong></span> <span class='ocrx_word' id='word_1_117' title='bbox 1071 1071 1172 1110; x_wconf 87' lang='lat' dir='ltr'><strong>quos</strong></span> <span class='ocrx_word' id='word_1_118' title='bbox 1204 1058 1322 1099; x_wconf 83' lang='lat' dir='ltr'><strong>uobis</strong></span> <span class='ocrx_word' id='word_1_119' title='bbox 1349 1058 1510 1101; x_wconf 80' lang='lat' dir='ltr'><strong>fiximus</strong></span> <span class='ocrx_word' id='word_1_120' title='bbox 1540 1061 1717 1113; x_wconf 84' lang='lat' dir='ltr'><strong>positas,</strong></span> <span class='ocrx_word' id='word_1_121' title='bbox 1759 1063 1937 1104; x_wconf 88' lang='lat' dir='ltr'><strong>lectores</strong></span> <span class='ocrx_word' id='word_1_122' title='bbox 1968 1065 2019 1105; x_wconf 89' lang='lat' dir='ltr'><strong>ad</strong></span> 
     </span>
     <span class='ocr_line' id='line_1_13' title="bbox 106 1136 741 1188; baseline -0.003 -12"><span class='ocrx_word' id='word_1_123' title='bbox 106 1136 409 1177; x_wconf 83' lang='lat' dir='ltr'><strong>Leidekkerum</strong></span> <span class='ocrx_word' id='word_1_124' title='bbox 446 1137 677 1188; x_wconf 80' lang='lat' dir='ltr'><strong>ablegamus</strong></span> <span class='ocrx_word' id='word_1_125' title='bbox 693 1136 741 1174; x_wconf 77' lang='lat'><strong>1⁹.</strong></span> 
     </span>
    </p>

    <p class='ocr_par' dir='ltr' id='par_1_3' title="bbox 105 1215 2061 1978">
     <span class='ocr_line' id='line_1_14' title="bbox 286 1215 2018 1271; baseline 0.003 -16"><span class='ocrx_word' id='word_1_126' title='bbox 286 1217 351 1255; x_wconf 77' lang='lat' dir='ltr'><strong>Ex</strong></span> <span class='ocrx_word' id='word_1_127' title='bbox 383 1216 500 1255; x_wconf 85' lang='lat' dir='ltr'><strong>hisce</strong></span> <span class='ocrx_word' id='word_1_128' title='bbox 541 1227 639 1254; x_wconf 84' lang='lat' dir='ltr'><strong>vero</strong></span> <span class='ocrx_word' id='word_1_129' title='bbox 675 1215 862 1254; x_wconf 86' lang='lat' dir='ltr'><strong>omnibus</strong></span> <span class='ocrx_word' id='word_1_130' title='bbox 906 1218 1043 1267; x_wconf 80' lang='lat' dir='ltr'><strong>patet,</strong></span> <span class='ocrx_word' id='word_1_131' title='bbox 1086 1216 1336 1269; x_wconf 85' lang='lat' dir='ltr'><strong>Episcopum</strong></span> <span class='ocrx_word' id='word_1_132' title='bbox 1366 1217 1742 1268; x_wconf 80' lang='lat' dir='ltr'><strong>Carthaginiensem</strong></span> <span class='ocrx_word' id='word_1_133' title='bbox 1784 1221 2018 1271; x_wconf 85' lang='lat' dir='ltr'><strong>neutiquam</strong></span> 
     </span>
     <span class='ocr_line' id='line_1_15' title="bbox 106 1292 2018 1348; baseline 0.002 -13"><span class='ocrx_word' id='word_1_134' title='bbox 106 1295 235 1335; x_wconf 85' lang='lat' dir='ltr'><strong>fuisse</strong></span> <span class='ocrx_word' id='word_1_135' title='bbox 262 1294 468 1336; x_wconf 87' lang='lat' dir='ltr'><strong>Vicarium</strong></span> <span class='ocrx_word' id='word_1_136' title='bbox 497 1293 684 1342; x_wconf 86' lang='lat' dir='ltr'><strong>Romani,</strong></span> <span class='ocrx_word' id='word_1_137' title='bbox 727 1304 845 1342; x_wconf 84' lang='lat' dir='ltr'><strong>quam</strong></span> <span class='ocrx_word' id='word_1_138' title='bbox 874 1292 1040 1343; x_wconf 88' lang='lat' dir='ltr'><strong>quidem</strong></span> <span class='ocrx_word' id='word_1_139' title='bbox 1070 1295 1336 1334; x_wconf 83' lang='lat' dir='ltr'><strong>assertionem</strong></span> <span class='ocrx_word' id='word_1_140' title='bbox 1369 1295 1662 1335; x_wconf 88' lang='lat' dir='ltr'><strong>Thomassinus</strong></span> <span class='ocrx_word' id='word_1_141' title='bbox 1688 1297 1774 1348; x_wconf 85' lang='lat' dir='ltr'><strong>jam</strong></span> <span class='ocrx_word' id='word_1_142' title='bbox 1808 1299 2018 1339; x_wconf 81' lang='lat' dir='ltr'><strong>refellit20.</strong></span> 
     </span>
     <span class='ocr_line' id='line_1_16' title="bbox 106 1371 2020 1425; baseline 0.003 -13"><span class='ocrx_word' id='word_1_143' title='bbox 106 1373 250 1425; x_wconf 90' lang='lat' dir='ltr'><strong>Neque</strong></span> <span class='ocrx_word' id='word_1_144' title='bbox 291 1374 393 1412; x_wconf 87' lang='lat' dir='ltr'><strong>ullas</strong></span> <span class='ocrx_word' id='word_1_145' title='bbox 440 1373 627 1412; x_wconf 83' lang='lat' dir='ltr'><strong>Ecclesia</strong></span> <span class='ocrx_word' id='word_1_146' title='bbox 670 1371 863 1412; x_wconf 81' lang='lat' dir='ltr'><strong>Africana</strong></span> <span class='ocrx_word' id='word_1_147' title='bbox 904 1371 1097 1424; x_wconf 81' lang='lat' dir='ltr'><strong>Cypriani</strong></span> <span class='ocrx_word' id='word_1_148' title='bbox 1133 1376 1254 1412; x_wconf 81' lang='lat' dir='ltr'><strong>aetate</strong></span> <span class='ocrx_word' id='word_1_149' title='bbox 1304 1373 1357 1412; x_wconf 92' lang='lat' dir='ltr'><strong>ad</strong></span> <span class='ocrx_word' id='word_1_150' title='bbox 1409 1373 1550 1413; x_wconf 87' lang='lat' dir='ltr'><strong>sedem</strong></span> <span class='ocrx_word' id='word_1_151' title='bbox 1590 1374 1814 1417; x_wconf 86' lang='lat' dir='ltr'><strong>Romanam</strong></span> <span class='ocrx_word' id='word_1_152' title='bbox 1857 1378 2020 1419; x_wconf 82' lang='lat' dir='ltr'><strong>admisit</strong></span> 
     </span>
     <span class='ocr_line' id='line_1_17' title="bbox 107 1450 2018 1504; baseline 0.004 -14"><span class='ocrx_word' id='word_1_153' title='bbox 107 1450 463 1504; x_wconf 77' lang='lat' dir='ltr'><strong>appellationes21;</strong></span> <span class='ocrx_word' id='word_1_154' title='bbox 509 1453 648 1491; x_wconf 89' lang='lat' dir='ltr'><strong>nescio</strong></span> <span class='ocrx_word' id='word_1_155' title='bbox 685 1463 783 1489; x_wconf 89' lang='lat' dir='ltr'><strong>vero</strong></span> <span class='ocrx_word' id='word_1_156' title='bbox 816 1463 896 1502; x_wconf 90' lang='lat' dir='ltr'><strong>quo</strong></span> <span class='ocrx_word' id='word_1_157' title='bbox 923 1455 1042 1503; x_wconf 88' lang='lat' dir='ltr'><strong>pacto</strong></span> <span class='ocrx_word' id='word_1_158' title='bbox 1071 1452 1285 1493; x_wconf 71' lang='lat' dir='ltr'><strong>Mbhlerus</strong></span> <span class='ocrx_word' id='word_1_159' title='bbox 1321 1456 1496 1501; x_wconf 82' lang='lat' dir='ltr'><strong>asserat,</strong></span> <span class='ocrx_word' id='word_1_160' title='bbox 1531 1452 1756 1495; x_wconf 84' lang='lat' dir='ltr'><strong>Romanam</strong></span> <span class='ocrx_word' id='word_1_161' title='bbox 1790 1455 2018 1498; x_wconf 84' lang='lat' dir='ltr'><strong>Ecclesiam</strong></span> 
     </span>
     <span class='ocr_line' id='line_1_18' title="bbox 106 1530 2018 1584; baseline 0.004 -15"><span class='ocrx_word' id='word_1_162' title='bbox 106 1543 200 1569; x_wconf 90' lang='lat' dir='ltr'><strong>cum</strong></span> <span class='ocrx_word' id='word_1_163' title='bbox 250 1531 436 1570; x_wconf 89' lang='lat' dir='ltr'><strong>universa</strong></span> <span class='ocrx_word' id='word_1_164' title='bbox 488 1532 662 1570; x_wconf 87' lang='lat' dir='ltr'><strong>ecclesia</strong></span> <span class='ocrx_word' id='word_1_165' title='bbox 701 1530 956 1570; x_wconf 84' lang='lat' dir='ltr'><strong>Occidentali</strong></span> <span class='ocrx_word' id='word_1_166' title='bbox 977 1560 989 1580; x_wconf 88' lang='lat'>‚</span> <span class='ocrx_word' id='word_1_167' title='bbox 1037 1531 1151 1584; x_wconf 89' lang='lat' dir='ltr'><strong>cujus</strong></span> <span class='ocrx_word' id='word_1_168' title='bbox 1192 1543 1285 1583; x_wconf 86' lang='lat' dir='ltr'><strong>pars</strong></span> <span class='ocrx_word' id='word_1_169' title='bbox 1325 1535 1413 1571; x_wconf 88' lang='lat' dir='ltr'><strong>erat</strong></span> <span class='ocrx_word' id='word_1_170' title='bbox 1450 1531 1671 1583; x_wconf 81' lang='lat' dir='ltr'><strong>Africana,</strong></span> <span class='ocrx_word' id='word_1_171' title='bbox 1719 1534 2018 1577; x_wconf 85' lang='lat' dir='ltr'><strong>institutionem</strong></span> 
     </span>
     <span class='ocr_line' id='line_1_19' title="bbox 105 1608 2021 1662; baseline 0.004 -15"><span class='ocrx_word' id='word_1_172' title='bbox 105 1608 403 1660; x_wconf 85' lang='lat' dir='ltr'><strong>Episcoporum</strong></span> <span class='ocrx_word' id='word_1_173' title='bbox 427 1608 698 1649; x_wconf 88' lang='lat' dir='ltr'><strong>Orientalium</strong></span> <span class='ocrx_word' id='word_1_174' title='bbox 740 1610 1084 1659; x_wconf 86' lang='lat' dir='ltr'><strong>communicasse,</strong></span> <span class='ocrx_word' id='word_1_175' title='bbox 1132 1623 1212 1662; x_wconf 87' lang='lat' dir='ltr'><strong>quo</strong></span> <span class='ocrx_word' id='word_1_176' title='bbox 1250 1610 1414 1650; x_wconf 89' lang='lat' dir='ltr'><strong>demum</strong></span> <span class='ocrx_word' id='word_1_177' title='bbox 1444 1611 1554 1651; x_wconf 87' lang='lat' dir='ltr'><strong>facto</strong></span> <span class='ocrx_word' id='word_1_178' title='bbox 1585 1611 1784 1653; x_wconf 81' lang='lat' dir='ltr'><strong>Ecclesiae</strong></span> <span class='ocrx_word' id='word_1_179' title='bbox 1824 1615 1934 1654; x_wconf 87' lang='lat' dir='ltr'><strong>inter</strong></span> <span class='ocrx_word' id='word_1_180' title='bbox 1972 1628 2021 1655; x_wconf 84' lang='lat' dir='ltr'><strong>se</strong></span> 
     </span>
     <span class='ocr_line' id='line_1_20' title="bbox 108 1687 2016 1739; baseline 0.004 -14"><span class='ocrx_word' id='word_1_181' title='bbox 108 1687 493 1726; x_wconf 85' lang='lat' dir='ltr'><strong>communicaverint</strong></span> <span class='ocrx_word' id='word_1_182' title='bbox 507 1687 556 1726; x_wconf 84' lang='lat'><strong>22.</strong></span> <span class='ocrx_word' id='word_1_183' title='bbox 612 1688 714 1727; x_wconf 84' lang='lat' dir='ltr'><strong>Haec</strong></span> <span class='ocrx_word' id='word_1_184' title='bbox 747 1690 855 1727; x_wconf 91' lang='lat' dir='ltr'><strong>enim</strong></span> <span class='ocrx_word' id='word_1_185' title='bbox 897 1688 974 1727; x_wconf 90' lang='lat' dir='ltr'><strong>etsi</strong></span> <span class='ocrx_word' id='word_1_186' title='bbox 1007 1687 1177 1739; x_wconf 86' lang='lat' dir='ltr'><strong>Optatus</strong></span> <span class='ocrx_word' id='word_1_187' title='bbox 1208 1688 1483 1729; x_wconf 86' lang='lat' dir='ltr'><strong>Millevitanus</strong></span> <span class='ocrx_word' id='word_1_188' title='bbox 1527 1690 1580 1729; x_wconf 90' lang='lat' dir='ltr'><strong>de</strong></span> <span class='ocrx_word' id='word_1_189' title='bbox 1613 1691 1802 1730; x_wconf 86' lang='lat' dir='ltr'><strong>Ecclesia</strong></span> <span class='ocrx_word' id='word_1_190' title='bbox 1834 1692 2016 1733; x_wconf 81' lang='lat' dir='ltr'><strong>Romana</strong></span> 
     </span>
     <span class='ocr_line' id='line_1_21' title="bbox 107 1764 2015 1818; baseline 0.004 -15"><span class='ocrx_word' id='word_1_191' title='bbox 107 1764 249 1803; x_wconf 84' lang='lat' dir='ltr'><strong>dicat:</strong></span> <span class='ocrx_word' id='word_1_192' title='bbox 309 1766 415 1805; x_wconf 81' lang='lat' dir='ltr'><strong>Cum</strong></span> <span class='ocrx_word' id='word_1_193' title='bbox 459 1780 510 1804; x_wconf 81' lang='lat' dir='ltr'><strong>ea</strong></span> <span class='ocrx_word' id='word_1_194' title='bbox 547 1771 684 1806; x_wconf 77' lang='lat' dir='ltr'><strong>totum</strong></span> <span class='ocrx_word' id='word_1_195' title='bbox 722 1767 863 1806; x_wconf 80' lang='lat' dir='ltr'><strong>orbem</strong></span> <span class='ocrx_word' id='word_1_196' title='bbox 904 1768 1154 1806; x_wconf 77' lang='lat' dir='ltr'><strong>commercio</strong></span> <span class='ocrx_word' id='word_1_197' title='bbox 1173 1790 1176 1791; x_wconf 28' lang='grc' dir='ltr'><em>ν</em></span> <span class='ocrx_word' id='word_1_198' title='bbox 1179 1769 1483 1818; x_wconf 78' lang='lat' dir='ltr'><strong>formatarum</strong></span> <span class='ocrx_word' id='word_1_199' title='bbox 1521 1771 1568 1809; x_wconf 78' lang='lat' dir='ltr'><strong>in</strong></span> <span class='ocrx_word' id='word_1_200' title='bbox 1613 1783 1746 1809; x_wconf 81' lang='lat' dir='ltr'><strong>unam</strong></span> <span class='ocrx_word' id='word_1_201' title='bbox 1785 1773 2015 1812; x_wconf 77' lang='lat' dir='ltr'><strong>commum·-</strong></span> 
     </span>
     <span class='ocr_line' id='line_1_22' title="bbox 106 1842 2015 1900; baseline 0.005 -20"><span class='ocrx_word' id='word_1_202' title='bbox 106 1843 292 1881; x_wconf 77' lang='lat' dir='ltr'><strong>cationis</strong></span> <span class='ocrx_word' id='word_1_203' title='bbox 337 1845 546 1883; x_wconf 76' lang='lat' dir='ltr'><strong>societate</strong></span> <span class='ocrx_word' id='word_1_204' title='bbox 593 1842 887 1889; x_wconf 78' lang='lat' dir='ltr'><strong>concordare,</strong></span> <span class='ocrx_word' id='word_1_205' title='bbox 939 1842 1106 1881; x_wconf 88' lang='lat' dir='ltr'><strong>minime</strong></span> <span class='ocrx_word' id='word_1_206' title='bbox 1154 1845 1269 1894; x_wconf 89' lang='lat' dir='ltr'><strong>sequi</strong></span> <span class='ocrx_word' id='word_1_207' title='bbox 1304 1844 1492 1884; x_wconf 83' lang='lat' dir='ltr'><strong>videntur</strong></span> <span class='ocrx_word' id='word_1_208' title='bbox 1534 1859 1586 1885; x_wconf 85' lang='lat' dir='ltr'><strong>ex</strong></span> <span class='ocrx_word' id='word_1_209' title='bbox 1625 1847 1760 1886; x_wconf 87' lang='lat' dir='ltr'><strong>verbis</strong></span> <span class='ocrx_word' id='word_1_210' title='bbox 1798 1847 2015 1900; x_wconf 80' lang='lat' dir='ltr'><strong>Augustini</strong></span> 
     </span>
     <span class='ocr_line' id='line_1_23' title="bbox 105 1917 2017 1978; baseline 0.007 -21"><span class='ocrx_word' id='word_1_211' title='bbox 105 1922 245 1958; x_wconf 86' lang='lat' dir='ltr'><strong>contra</strong></span> <span class='ocrx_word' id='word_1_212' title='bbox 274 1917 539 1959; x_wconf 80' lang='lat' dir='ltr'><strong>cresconium</strong></span> <span class='ocrx_word' id='word_1_213' title='bbox 569 1920 819 1960; x_wconf 83' lang='lat' dir='ltr'><strong>Donatistam</strong></span> <span class='ocrx_word' id='word_1_214' title='bbox 852 1919 965 1959; x_wconf 83' lang='lat' dir='ltr'><strong>Libr.</strong></span> <span class='ocrx_word' id='word_1_215' title='bbox 996 1919 1065 1958; x_wconf 92' lang='lat' dir='ltr'><strong>III.</strong></span> <span class='ocrx_word' id='word_1_216' title='bbox 1096 1919 1136 1973; x_wconf 79' lang='lat'><strong>§.</strong></span> <span class='ocrx_word' id='word_1_217' title='bbox 1158 1921 1226 1960; x_wconf 85' lang='lat'><strong>38.</strong></span> <span class='ocrx_word' id='word_1_218' title='bbox 1254 1921 1305 1961; x_wconf 89' lang='lat' dir='ltr'><strong>ad</strong></span> <span class='ocrx_word' id='word_1_219' title='bbox 1335 1936 1426 1975; x_wconf 80' lang='lat' dir='ltr'><strong>quae</strong></span> <span class='ocrx_word' id='word_1_220' title='bbox 1456 1925 1671 1965; x_wconf 77' lang='lat' dir='ltr'><strong>Miihlerus</strong></span> <span class='ocrx_word' id='word_1_221' title='bbox 1701 1930 1918 1978; x_wconf 77' lang='lat' dir='ltr'><strong>provocat:</strong></span> <span class='ocrx_word' id='word_1_222' title='bbox 1957 1930 2017 1970; x_wconf 86' lang='lat' dir='ltr'><strong>ad</strong></span> 
     </span>
    </p>
   </div>
   <div class='ocr_carea' id='block_1_3' title="bbox 128 2081 2010 2340">
    <p class='ocr_par' dir='ltr' id='par_1_4' title="bbox 128 2081 2010 2272">
     <span class='ocr_line' id='line_1_24' title="bbox 128 2081 2010 2138; baseline 0.007 -23"><span class='ocrx_word' id='word_1_223' title='bbox 128 2081 164 2109; x_wconf 81' lang='grc'><strong>16</strong></span> <span class='ocrx_word' id='word_1_224' title='bbox 187 2083 307 2126; x_wconf 81' lang='lat' dir='ltr'><strong>Epist.</strong></span> <span class='ocrx_word' id='word_1_225' title='bbox 328 2083 386 2117; x_wconf 82' lang='lat'><strong>64.</strong></span> <span class='ocrx_word' id='word_1_226' title='bbox 410 2096 445 2128; x_wconf 87' lang='lat' dir='ltr'><strong>p.</strong></span> <span class='ocrx_word' id='word_1_227' title='bbox 466 2083 545 2117; x_wconf 84' lang='lat'><strong>168.</strong></span> <span class='ocrx_word' id='word_1_228' title='bbox 576 2087 613 2118; x_wconf 89' lang='lat' dir='ltr'><strong>et</strong></span> <span class='ocrx_word' id='word_1_229' title='bbox 635 2084 692 2118; x_wconf 81' lang='lat'><strong>33.</strong></span> <span class='ocrx_word' id='word_1_230' title='bbox 715 2096 750 2128; x_wconf 88' lang='lat' dir='ltr'><strong>p.</strong></span> <span class='ocrx_word' id='word_1_231' title='bbox 772 2083 829 2118; x_wconf 88' lang='grc'><strong>66.</strong></span> <span class='ocrx_word' id='word_1_232' title='bbox 1106 2084 1141 2114; x_wconf 80' lang='lat'><strong>21</strong></span> <span class='ocrx_word' id='word_1_233' title='bbox 1165 2086 1221 2119; x_wconf 90' lang='lat' dir='ltr'><strong>De</strong></span> <span class='ocrx_word' id='word_1_234' title='bbox 1242 2087 1398 2131; x_wconf 80' lang='lat' dir='ltr'><strong>antiqua</strong></span> <span class='ocrx_word' id='word_1_235' title='bbox 1421 2088 1564 2122; x_wconf 85' lang='lat' dir='ltr'><strong>Eccles.</strong></span> <span class='ocrx_word' id='word_1_236' title='bbox 1589 2089 1788 2135; x_wconf 80' lang='lat' dir='ltr'><strong>disciplina</strong></span> <span class='ocrx_word' id='word_1_237' title='bbox 1819 2093 2010 2138; x_wconf 78' lang='lat' dir='ltr'><strong>(Mogunt.</strong></span> 
     </span>
     <span class='ocr_line' id='line_1_25' title="bbox 130 2150 2008 2203; baseline 0.006 -19"><span class='ocrx_word' id='word_1_238' title='bbox 130 2150 166 2178; x_wconf 78' lang='lat'><strong>17</strong></span> <span class='ocrx_word' id='word_1_239' title='bbox 188 2152 518 2201; x_wconf 56' lang='lat' dir='ltr'><strong>WValchJIistorie</strong></span> <span class='ocrx_word' id='word_1_240' title='bbox 532 2153 598 2186; x_wconf 89' lang='lat' dir='ltr'><strong>der</strong></span> <span class='ocrx_word' id='word_1_241' title='bbox 610 2153 831 2187; x_wconf 85' lang='lat' dir='ltr'><strong>Ketzereien</strong></span> <span class='ocrx_word' id='word_1_242' title='bbox 845 2153 1034 2198; x_wconf 82' lang='lat' dir='ltr'><strong>11.p.222.</strong></span> <span class='ocrx_word' id='word_1_243' title='bbox 1173 2155 1295 2201; x_wconf 66' lang='lat'><strong>1788.)</strong></span> <span class='ocrx_word' id='word_1_244' title='bbox 1322 2169 1357 2200; x_wconf 86' lang='lat' dir='ltr'><strong>p.</strong></span> <span class='ocrx_word' id='word_1_245' title='bbox 1382 2156 1462 2190; x_wconf 86' lang='lat'><strong>116.</strong></span> <span class='ocrx_word' id='word_1_246' title='bbox 1500 2158 1549 2192; x_wconf 78' lang='lat' dir='ltr'><strong>cf.</strong></span> <span class='ocrx_word' id='word_1_247' title='bbox 1583 2170 1731 2203; x_wconf 82' lang='lat' dir='ltr'><strong>quoque</strong></span> <span class='ocrx_word' id='word_1_248' title='bbox 1762 2161 1895 2195; x_wconf 87' lang='lat' dir='ltr'><strong>Routh</strong></span> <span class='ocrx_word' id='word_1_249' title='bbox 1923 2162 2008 2196; x_wconf 78' lang='lat' dir='ltr'><strong>Rel.</strong></span> 
     </span>
     <span class='ocr_line' id='line_1_26' title="bbox 130 2225 1476 2272; baseline 0.006 -5"><span class='ocrx_word' id='word_1_250' title='bbox 130 2233 168 2261; x_wconf 85' lang='grc'><strong>18</strong></span> <span class='ocrx_word' id='word_1_251' title='bbox 189 2235 412 2271; x_wconf 84' lang='lat' dir='ltr'><strong>Dissertatio</strong></span> <span class='ocrx_word' id='word_1_252' title='bbox 437 2238 600 2272; x_wconf 86' lang='lat' dir='ltr'><strong>secunda</strong></span> <span class='ocrx_word' id='word_1_253' title='bbox 614 2238 658 2272; x_wconf 87' lang='lat' dir='ltr'><strong>de</strong></span> <span class='ocrx_word' id='word_1_254' title='bbox 670 2237 847 2272; x_wconf 80' lang='lat' dir='ltr'><strong>libertate</strong></span> <span class='ocrx_word' id='word_1_255' title='bbox 857 2234 1035 2272; x_wconf 56' lang='lat' dir='ltr'><strong>Ecclesia}</strong></span> <span class='ocrx_word' id='word_1_256' title='bbox 1176 2225 1277 2260; x_wconf 67' lang='lat' dir='ltr'>Sflffl’·</span> <span class='ocrx_word' id='word_1_257' title='bbox 1302 2226 1372 2260; x_wconf 86' lang='grc' dir='ltr'><strong>ΠῙ·</strong></span> <span class='ocrx_word' id='word_1_258' title='bbox 1396 2226 1476 2261; x_wconf 74' lang='lat'><strong>128·</strong></span> 
     </span>
    </p>

    <p class='ocr_par' dir='ltr' id='par_1_5' title="bbox 197 2304 394 2340">
     <span class='ocr_line' id='line_1_27' title="bbox 197 2304 394 2340; baseline 0.01 -2"><span class='ocrx_word' id='word_1_259' title='bbox 197 2304 394 2340; x_wconf 85' lang='lat' dir='ltr'><strong>Africanae.</strong></span> 
     </span>
    </p>
   </div>
   <div class='ocr_carea' id='block_1_4' title="bbox 128 2372 2008 2425">
    <p class='ocr_par' dir='ltr' id='par_1_6' title="bbox 128 2372 2008 2425">
     <span class='ocr_line' id='line_1_28' title="bbox 128 2372 2008 2425; baseline 0.006 -19"><span class='ocrx_word' id='word_1_260' title='bbox 128 2372 163 2400; x_wconf 83' lang='grc'><strong>19</strong></span> <span class='ocrx_word' id='word_1_261' title='bbox 186 2372 462 2417; x_wconf 82' lang='lat' dir='ltr'><strong>Praeloquium,</strong></span> <span class='ocrx_word' id='word_1_262' title='bbox 497 2388 615 2420; x_wconf 89' lang='lat' dir='ltr'><strong>quum</strong></span> <span class='ocrx_word' id='word_1_263' title='bbox 648 2377 836 2422; x_wconf 79' lang='lat' dir='ltr'><strong>synodum</strong></span> <span class='ocrx_word' id='word_1_264' title='bbox 872 2376 1035 2411; x_wconf 77' lang='lat' dir='ltr'><strong>Cartha-</strong></span> <span class='ocrx_word' id='word_1_265' title='bbox 1104 2378 1140 2406; x_wconf 77' lang='lat'><strong>22</strong></span> <span class='ocrx_word' id='word_1_266' title='bbox 1164 2379 1236 2414; x_wconf 84' lang='lat' dir='ltr'><strong>Die</strong></span> <span class='ocrx_word' id='word_1_267' title='bbox 1265 2380 1422 2415; x_wconf 83' lang='lat' dir='ltr'><strong>Einhcit</strong></span> <span class='ocrx_word' id='word_1_268' title='bbox 1452 2381 1490 2416; x_wconf 89' lang='lat' dir='ltr'><strong>in</strong></span> <span class='ocrx_word' id='word_1_269' title='bbox 1529 2382 1593 2416; x_wconf 83' lang='lat' dir='ltr'><strong>des</strong></span> <span class='ocrx_word' id='word_1_270' title='bbox 1625 2383 1788 2425; x_wconf 79' lang='lat' dir='ltr'><strong>Kirche,</strong></span> <span class='ocrx_word' id='word_1_271' title='bbox 1820 2383 1911 2417; x_wconf 80' lang='lat' dir='ltr'><strong>oder</strong></span> <span class='ocrx_word' id='word_1_272' title='bbox 1943 2383 2008 2417; x_wconf 77' lang='lat' dir='ltr'><strong>das</strong></span> 
     </span>
    </p>
   </div>
   <div class='ocr_carea' id='block_1_5' title="bbox 127 2442 2008 2701">
    <p class='ocr_par' dir='ltr' id='par_1_7' title="bbox 197 2442 2007 2498">
     <span class='ocr_line' id='line_1_29' title="bbox 197 2442 2007 2498; baseline 0.007 -24"><span class='ocrx_word' id='word_1_273' title='bbox 197 2442 594 2486; x_wconf 75' lang='lat' dir='ltr'><strong>gini011semanno256</strong></span> <span class='ocrx_word' id='word_1_274' title='bbox 608 2446 782 2490; x_wconf 81' lang='lat' dir='ltr'><strong>aperiret.</strong></span> <span class='ocrx_word' id='word_1_275' title='bbox 797 2446 890 2490; x_wconf 77' lang='lat' dir='ltr'><strong>Opp-</strong></span> <span class='ocrx_word' id='word_1_276' title='bbox 907 2446 1033 2490; x_wconf 54' lang='lat'><strong>11329.</strong></span> <span class='ocrx_word' id='word_1_277' title='bbox 1175 2449 1329 2494; x_wconf 82' lang='lat' dir='ltr'><strong>Princip</strong></span> <span class='ocrx_word' id='word_1_278' title='bbox 1364 2452 1431 2485; x_wconf 83' lang='lat' dir='ltr'><strong>der</strong></span> <span class='ocrx_word' id='word_1_279' title='bbox 1459 2450 1757 2485; x_wconf 78' lang='lat' dir='ltr'><strong>Katholicismus</strong></span> <span class='ocrx_word' id='word_1_280' title='bbox 1789 2452 2007 2498; x_wconf 79' lang='lat' dir='ltr'><strong>dargestellt</strong></span> 
     </span>
    </p>

    <p class='ocr_par' dir='ltr' id='par_1_8' title="bbox 199 2510 2008 2555">
     <span class='ocr_line' id='line_1_30' title="bbox 199 2510 2008 2555; baseline 0.007 -12"><span class='ocrx_word' id='word_1_281' title='bbox 199 2522 255 2555; x_wconf 85' lang='lat' dir='ltr'><strong>ep.</strong></span> <span class='ocrx_word' id='word_1_282' title='bbox 280 2510 337 2545; x_wconf 85' lang='lat'><strong>59.</strong></span> <span class='ocrx_word' id='word_1_283' title='bbox 363 2523 398 2555; x_wconf 88' lang='lat' dir='ltr'><strong>p.</strong></span> <span class='ocrx_word' id='word_1_284' title='bbox 422 2511 501 2545; x_wconf 85' lang='lat'><strong>136.</strong></span> <span class='ocrx_word' id='word_1_285' title='bbox 1195 2531 1233 2551; x_wconf 87' lang='lat' dir='ltr'><strong>m</strong></span> <span class='ocrx_word' id='word_1_286' title='bbox 1267 2520 1393 2554; x_wconf 78' lang='lat' dir='ltr'><strong>Geiste</strong></span> <span class='ocrx_word' id='word_1_287' title='bbox 1425 2521 1491 2553; x_wconf 85' lang='lat' dir='ltr'><strong>der</strong></span> <span class='ocrx_word' id='word_1_288' title='bbox 1522 2520 1802 2555; x_wconf 68' lang='lat' dir='ltr'><strong>Kirchenw&#39;iter</strong></span> <span class='ocrx_word' id='word_1_289' title='bbox 1830 2523 1897 2555; x_wconf 85' lang='lat' dir='ltr'><strong>der</strong></span> <span class='ocrx_word' id='word_1_290' title='bbox 1929 2523 2008 2555; x_wconf 86' lang='lat' dir='ltr'><strong>drei</strong></span> 
     </span>
    </p>

    <p class='ocr_par' dir='ltr' id='par_1_9' title="bbox 127 2579 2006 2701">
     <span class='ocr_line' id='line_1_31' title="bbox 127 2579 2006 2637; baseline 0.008 -26"><span class='ocrx_word' id='word_1_291' title='bbox 127 2579 164 2607; x_wconf 85' lang='lat'><strong>20</strong></span> <span class='ocrx_word' id='word_1_292' title='bbox 186 2581 268 2614; x_wconf 85' lang='lat' dir='ltr'><strong>Vct.</strong></span> <span class='ocrx_word' id='word_1_293' title='bbox 298 2584 335 2613; x_wconf 89' lang='lat' dir='ltr'><strong>et</strong></span> <span class='ocrx_word' id='word_1_294' title='bbox 365 2591 462 2614; x_wconf 85' lang='lat' dir='ltr'><strong>nova</strong></span> <span class='ocrx_word' id='word_1_295' title='bbox 483 2581 623 2616; x_wconf 87' lang='lat' dir='ltr'><strong>Eccles.</strong></span> <span class='ocrx_word' id='word_1_296' title='bbox 647 2583 845 2628; x_wconf 84' lang='lat' dir='ltr'><strong>disciplina</strong></span> <span class='ocrx_word' id='word_1_297' title='bbox 877 2584 978 2619; x_wconf 84' lang='lat' dir='ltr'><strong>Part.</strong></span> <span class='ocrx_word' id='word_1_298' title='bbox 1002 2586 1032 2619; x_wconf 88' lang='grc' dir='ltr'><strong>Ι.</strong></span> <span class='ocrx_word' id='word_1_299' title='bbox 1175 2592 1298 2621; x_wconf 80' lang='lat' dir='ltr'><strong>ersten</strong></span> <span class='ocrx_word' id='word_1_300' title='bbox 1331 2589 1617 2624; x_wconf 77' lang='lat' dir='ltr'><strong>Jahrhundcrtc</strong></span> <span class='ocrx_word' id='word_1_301' title='bbox 1639 2591 2006 2637; x_wconf 68' lang='lat' dir='ltr'><strong>(Tfibinge1121825.)</strong></span> 
     </span>
     <span class='ocr_line' id='line_1_32' title="bbox 164 2648 1311 2701; baseline 0.009 -20"><span class='ocrx_word' id='word_1_302' title='bbox 164 2656 166 2658; x_wconf 82' lang='lat'>·</span> <span class='ocrx_word' id='word_1_303' title='bbox 197 2648 281 2682; x_wconf 79' lang='lat' dir='ltr'><strong>Lib.</strong></span> <span class='ocrx_word' id='word_1_304' title='bbox 303 2649 333 2682; x_wconf 90' lang='lat' dir='ltr'><strong>I.</strong></span> <span class='ocrx_word' id='word_1_305' title='bbox 354 2650 535 2694; x_wconf 63' lang='lat' dir='ltr'><strong>Capxx.</strong></span> <span class='ocrx_word' id='word_1_306' title='bbox 556 2651 588 2684; x_wconf 86' lang='lat'><strong>2.</strong></span> <span class='ocrx_word' id='word_1_307' title='bbox 613 2651 713 2686; x_wconf 82' lang='lat' dir='ltr'><strong>Edit.</strong></span> <span class='ocrx_word' id='word_1_308' title='bbox 733 2652 904 2698; x_wconf 79' lang='lat' dir='ltr'><strong>Mogunt.</strong></span> <span class='ocrx_word' id='word_1_309' title='bbox 930 2655 1031 2689; x_wconf 69' lang='lat'><strong>1787.</strong></span> <span class='ocrx_word' id='word_1_310' title='bbox 1173 2669 1209 2701; x_wconf 84' lang='lat' dir='ltr'><strong>p.</strong></span> <span class='ocrx_word' id='word_1_311' title='bbox 1233 2656 1311 2694; x_wconf 68' lang='lat'><strong>269.</strong></span> 
     </span>
    </p>
   </div>
   <div class='ocr_carea' id='block_1_6' title="bbox 197 2717 533 2762">
    <p class='ocr_par' dir='ltr' id='par_1_10' title="bbox 197 2717 533 2762">
     <span class='ocr_line' id='line_1_33' title="bbox 197 2717 533 2762; baseline 0 -11"><span class='ocrx_word' id='word_1_312' title='bbox 197 2717 306 2752; x_wconf 85' lang='lat' dir='ltr'><strong>Tom.</strong></span> <span class='ocrx_word' id='word_1_313' title='bbox 332 2719 362 2751; x_wconf 89' lang='lat' dir='ltr'><strong>I.</strong></span> <span class='ocrx_word' id='word_1_314' title='bbox 392 2731 427 2762; x_wconf 86' lang='lat' dir='ltr'><strong>p.</strong></span> <span class='ocrx_word' id='word_1_315' title='bbox 454 2719 533 2752; x_wconf 73' lang='lat'><strong>146.</strong></span> 
     </span>
    </p>
   </div>
  </div>
 </body>
</html>
