2341 3340
1198 151 1266 199 54

273 296 557 350 Carthaginis
569 295 854 350 Episcopum,
884 294 1081 336 Romano
1103 294 1416 350 praetermisso,
1444 306 1667 347 nunquam
1683 293 1908 335 ecclesiam
1925 294 2196 336 Orientalem

269 375 470 416 scribere.
529 374 683 427 Utique
719 375 909 427 scripsit,
961 378 1008 413 ut
1050 386 1117 413 ex—
1140 372 1323 426 epistolis
1362 372 1590 412 Firmiliani
1625 372 1899 413 Caesareensis
1927 372 2197 426 Cappadociae

268 453 477 507 Episcopi,
510 454 581 506 qui
611 454 699 506 ipse
733 466 782 492 eo
817 457 1003 506 tempore
1033 452 1272 506 primatibus
1299 450 1498 489 Ecclesiae
1527 453 1839 501 accensebatur,
1868 451 1921 492 ad
1951 451 2198 504 cyprianum

267 534 395 585 patet.
464 532 610 585 Neque
643 533 801 584 uspiam
839 532 1217 584 Carthaginiensem
1254 530 1307 569 de
1345 529 1434 582 ejus
1477 529 1628 569 aliusve
1659 531 1856 584 Episcopi
1893 531 2096 571 electione
2130 530 2197 571 vel

268 612 577 651 consecratione
621 625 645 652 a
680 611 867 651 Romano
912 611 1132 651 certiorem
1182 621 1272 649 esse
1320 609 1476 648 factum
1516 608 1679 662 legitur.
1743 609 1920 650 Serioris
1961 609 2086 664 igitur
2113 609 2198 650 sint

268 690 467 742 temporis
496 693 660 743 oportet
689 703 735 730 ea
764 703 855 742 quae
884 689 1134 742 Augustinus
1163 688 1307 728 refert.

447 768 588 809 Unum
615 769 696 808 hoc
724 769 1006 809 tantummodo
1041 768 1310 809 monendum:
1351 768 1582 808 Ecclesiam
1624 767 1860 808 Africanam
1901 780 1925 807 a
1960 766 2196 820 primordiis

265 847 364 888 inde
399 861 494 888 cum
529 848 713 887 Romana
747 848 919 887 fraterni
958 849 1106 894 amoris
1138 848 1344 888 vinculum
1377 860 1571 887 servasse.
1649 846 1753 886 Nam
1788 848 1919 900 pietas
1961 846 2056 896 illa,
2104 856 2197 897 quae

266 940 342 980 per
370 930 500 967 totum
528 929 711 965 veterem
743 927 885 965 orbem
924 927 1178 965 coloniarum
1204 938 1301 977 erga
1329 927 1577 978 metropoles
1611 926 1925 976 observabatur,
1969 939 1994 966 a
2024 925 2197 966 coloniis

269 1005 511 1045 Christianis
553 1006 721 1044 minime
749 1005 937 1057 neglecta
969 1008 1043 1044 est.
1114 1004 1197 1043 Tot
1225 1008 1427 1056 praeterea
1454 1005 1628 1044 Romam
1660 1004 2033 1057 carthaginemque
2067 1005 2197 1044 inter-

267 1084 417 1123 cedere
459 1084 664 1123 debebant
705 1085 893 1136 negotia,
933 1087 995 1123 tot
1026 1084 1078 1123 de
1117 1084 1322 1124 communi
1360 1084 1492 1124 salute
1523 1083 1873 1132 consultationes,
1910 1088 1974 1124 tot
2011 1084 2197 1135 epistolae

266 1162 611 1202 commendatitiae
647 1162 842 1202 fratribus
879 1163 1006 1212 datae3
1048 1176 1071 1203 e
1103 1163 1250 1216 quibus
1283 1164 1470 1203 omnibus
1501 1163 1625 1203 facile
1651 1163 1916 1215 intelligitur,
1952 1162 2195 1216 Episcopos‚

267 1241 498 1282 Romanum
525 1245 567 1281 et
597 1241 998 1294 Carthaginiensem,
1035 1247 1194 1282 mutuas
1229 1255 1339 1296 saepe
1368 1243 1560 1295 epistolas
1593 1242 1771 1291 dedisse,
1804 1253 1974 1292 quarum
2001 1223 2111 1282 haud
2139 1243 2197 1283 ita

265 1335 407 1374 paucae
437 1321 668 1374 exstantlin
700 1320 952 1373 Cyprianicis
993 1335 1015 1361 a
1048 1321 1241 1361 Cornelio
1279 1325 1322 1360 et
1353 1320 1557 1374 Cypriano
1588 1322 1779 1375 scriptae3
1828 1324 1871 1361 et
1908 1325 2068 1362 mortuo
2097 1335 2196 1371 uno,

266 1412 548 1440 successorem
571 1400 659 1453 ejus
683 1400 856 1440 alterum
886 1401 1105 1441 certiorem
1135 1402 1284 1442 secisse
1313 1401 1365 1440 de
1394 1414 1466 1440 sua
1495 1401 1698 1440 electione
1725 1405 1848 1452 atque
1873 1402 2195 1441 consecratione.
2246 1407 2253 1409 ’

267 1477 337 1519 Sic
362 1492 413 1519 ex
441 1479 694 1532 Cyprianicis
718 1483 894 1528 constat,
932 1479 1106 1520 Lucium
1132 1481 1315 1521 Cornelii
1346 1493 1628 1520 successorem
1661 1481 1798 1519 statim
1833 1482 1927 1532 post
1955 1483 2195 1532 occupatam

265 1557 407 1597 sedem
438 1559 663 1600 Romanam
697 1560 835 1599 literas
869 1559 1033 1599 dedisse
1067 1560 1119 1599 ad
1155 1559 1422 1613 cyprianum,
1460 1561 1549 1613 jam
1586 1559 1845 1612 deperditas;
1897 1557 2020 1611 hujus
2055 1563 2196 1605 autem

266 1637 529 1690 gratulatoria
559 1640 771 1692 responsio
806 1642 915 1678 extat
945 1640 989 1679 in
1019 1638 1293 1692 Cyprian'icis,
1326 1640 1497 1692 epistola
1528 1640 1596 1680 61.
1654 1637 1702 1678 In
1731 1638 1846 1677 hisce
1872 1649 1970 1677 vero
2002 1637 2195 1690 Cypriani

268 1716 451 1767 epistolis
495 1730 549 1756 ne
583 1719 799 1771 vestigium
842 1718 1009 1768 quidem
1048 1719 1257 1768 cernitur,
1308 1719 1418 1757 unde
1458 1719 1594 1771 colligi
1626 1718 1786 1770 possit,
1833 1729 1927 1757 eum
1964 1718 2195 1760 Romanum

264 1793 514 1848 Episcopum
541 1802 588 1837 ut
619 1810 663 1838 se
700 1798 953 1850 superiorem
993 1797 1253 1849 suspexisse3
1298 1798 1397 1849 quin
1429 1810 1452 1836 e
1478 1797 1684 1837 contrario
1716 1809 1809 1836 eum
1836 1809 1998 1850 semper
2024 1797 2195 1840 fratrem

267 1873 345 1933 sibi
373 1888 512 1927 parem
537 1877 783 1930 adloquitur,
813 1887 940 1928 seque
970 1875 1058 1927 ejus
1087 1888 1227 1928 parem
1257 1875 1345 1915 sine
1379 1875 1461 1915 ulla
1488 1875 1745 1915 haesitatione
1777 1875 1895 1927 gerit.
