2341 3340
1039 90 1104 135 31

119 229 237 278 adeo,
275 231 322 269 ut
349 229 564 283 Augustini
595 232 778 280 tempore
809 227 852 266 in
873 224 1013 266 Africa
1042 225 1206 265 circiter
1232 226 1317 266 446
1347 232 1485 268 essent
1503 229 1782 283 Episcopatus,
1812 232 1855 272 in
1883 231 2029 283 quibus

116 320 214 348 vero
253 308 402 349 multos
434 309 588 348 rurales
621 305 858 354 minimique
890 304 1065 344 ambitus
1099 303 1226 343 fuisse
1258 317 1428 344 necesse
1469 306 1586 346 θείῃ.

296 388 336 426 2.
394 387 533 426 Prisco
558 386 629 424 illo
656 387 840 435 tempore
869 382 1074 422 Africanae
1099 383 1300 422 Ecclesiae
1334 383 1477 423 divisio
1507 384 1652 424 eadem
1675 385 1762 437 jam
1793 391 1899 436 erat,
1937 400 2028 438 quoe

114 467 158 505 in
182 467 291 505 civili
320 465 502 517 ejusdem
530 462 879 502 administratione
910 461 1130 500 obtinebat.
1186 461 1369 501 Africam
1394 462 1583 502 nimirum
1597 463 1784 512 Romani,
1815 463 1922 514 quod
1945 465 2030 517 jam

116 544 235 584 CAP.
259 544 288 581 I.
323 542 571 589 notavimus,
620 540 842 581 diviserunt
876 541 921 580 in
954 539 1229 580 Mauretanias
1276 541 1404 588 duas,
1448 540 1707 594 Tingitanam
1750 542 1944 582 nimirum
1989 546 2032 582 et

116 621 430 668 Caesareensem,
460 618 693 658 Numidiam
717 622 758 657 et
771 618 1049 670 Zeugitanam,
1082 631 1173 669 quae
1187 619 1328 659 Africa
1342 619 1508 672 proprie
1535 619 1760 669 dicebatur,
1790 634 1837 660 ao
1865 621 1908 661 in
1932 620 2030 660 duas

114 697 442 746 distribuebatur,
473 710 641 748 quarum
660 710 738 736 una
761 697 1082 748 eratByzacene,
1106 698 1233 737 altera
1251 697 1516 750 Tripolitana.
1572 698 1690 738 Hanc
1716 709 1879 748 quoque
1903 698 2029 738 fuisse

110 776 311 817 Ecclesiae
332 775 536 816 Africanae
565 777 885 826 antiquissimam
914 776 1167 825 divisionem,
1198 776 1313 816 testis
1345 779 1408 816 est
1425 776 1649 829 Cyprianus
1679 777 1723 816 in
1750 778 1935 830 Epistola
1962 778 2031 816 48.

111 854 164 895 ad
193 854 431 894 Cornelium
457 868 497 907 p.
518 855 600 903 91„
631 855 703 894 ubi
732 855 882 894 limites
912 858 953 894 et
982 858 1119 907 partes
1142 855 1341 895 Ecclesiae
1363 837 1568 895 Africanae
1598 856 1655 895 sic
1685 855 1905 912 describit:
1943 856 2034 897 Sed

112 935 316 989 quoniam
346 935 483 974 latius
502 935 616 985 susa
641 938 708 974 est
733 938 888 974 nostra
910 935 1159 988 provincia,
1191 934 1318 974 habet
1349 936 1464 974 enim
1493 935 1747 976 Mcmz'dz‘am
1778 942 1823 975 et
1849 936 2030 975 Maure-

113 1013 262 1053 tanias
299 1011 412 1051 duas
452 1013 732 1053 cohaerentes.
821 1011 890 1051 Sic
935 1023 1097 1063 quoque
1136 1012 1180 1051 in
1224 1012 1326 1051 actis
1364 1011 1539 1052 Concilii
1571 1012 1916 1066 Carthaginiensis
1954 1012 2029 1053 sub

110 1072 258 1129 eodem
304 1088 506 1141 Cypriano
542 1103 646 1128 anno
685 1088 780 1129 256.
808 1089 938 1129 habiti
965 1090 1137 1141 legitur:
1197 1092 1338 1143 Quum
1370 1092 1416 1130 in
1455 1105 1593 1131 unum
1623 1092 1895 1145 Carthagine
1927 1105 2029 1132 con-

109 1170 332 1210 venissent
355 1169 571 1222 Episcopi
591 1170 779 1222 plurimi
797 1170 1030 1223 provincia
1050 1170 1229 1220 Africa,
1266 1168 1504 1216 Numidia,
1540 1168 1885 1209 Mauretaniam,
1927 1174 1929 1177 ’

288 1246 408 1285 Hunc
435 1246 559 1298 igitur
593 1247 754 1297 sequuti
797 1246 1003 1293 ordinem,
1046 1244 1238 1296 Cypriani
1273 1247 1393 1284 aetate
1430 1245 1626 1286 habemus
1655 1246 1926 1298 Episcopatus
1953 1259 2029 1299 per

109 1338 250 1366 omnes
279 1324 433 1363 Africae
449 1323 681 1364 Provincias
711 1324 953 1364 constitutos
982 1335 1067 1372 eos,
1098 1323 1168 1374 qui
1184 1323 1271 1377 jam
1299 1324 1624 1365 recensebuntnr
1650 1336 1702 1366 ex
1722 1324 1838 1366 Actis
1855 1324 2027 1366 Concilii

109 1403 467 1456 Carthaginiensis.

652 1559 954 1602 PROVINCIA
1009 1557 1480 1601 PROCONSVLARIS.

109 1639 326 1692 Carthago.
1086 1639 1175 1678 Col.
1204 1640 1338 1679 Bisica
1370 1639 1564 1688 Lucana,
1604 1636 1753 1679 deinde
1788 1639 2023 1680 Buslacena.

108 1719 239 1758 Abbir
271 1716 591 1757 Germaniciana.
1084 1717 1212 1756 Bulla.

106 1795 278 1836 Abitini.
1085 1792 1215 1845 Capsa
1237 1782 1485 1844 Byzazenes.

112 1873 389 1922 Adrumetum.
1084 1870 1219 1923 Carpi.
1290 1860 1295 1864 ’

108 1951 271 2004 Aggya,
311 1963 348 1989 v,
377 1949 476 2002 Aga.
1085 1948 1297 1999 Chullabi,
1336 1950 1445 1990 forte
1477 1948 1626 1989 Cululi.

107 2029 294 2069 Assurus.
1084 2026 1324 2080 Cybaliana,
1365 2029 1474 2069 forte
1505 2028 1754 2070 Cerbaliana.

107 2106 270 2165 Ausal'a.
1081 2105 1338 2158 Dionysiana.

107 2183 296 2236 Auzvaga
325 2182 355 2223 Ι.
386 2184 497 2235 (nam
528 2183 617 2224 duae
649 2184 873 2235 exstitere.)
1082 2184 1225 2224 Furni.

202 2369 419 2405 Christiana
447 2370 528 2403 Vol.
549 2370 580 2403 Ι.
611 2370 710 2414 quod
737 2370 922 2405 Notitiam
945 2371 1037 2415 Epi-
1181 2371 1289 2416 logos
1319 2373 1431 2415 atque
1466 2370 1795 2417 orthographiam
1821 2371 2017 2408 nominum

201 2443 423 2485 scopatuum
452 2437 589 2472 Africae
622 2439 810 2480 continet,
833 2451 938 2489 (quos
968 2452 1036 2484 per
1179 2440 1284 2474 haud
1309 2450 1394 2474 raro
1424 2440 1591 2484 correxi.

201 2520 311 2543 omne
335 2518 407 2552 quo
422 2506 551 2541 floruit
563 2508 732 2542 Ecclesia
744 2509 924 2544 Africana
936 2514 1037 2544 tem-

202 2589 271 2623 pus
288 2577 366 2611 715·
388 2579 568 2617 mcenset,
591 2580 726 2620 μεθίει,
737 2578 1036 2613 35.aliosminus
1105 2554 1143 2584 27
1169 2555 1377 2601 Binghami
1409 2554 1586 2601 Origines
1615 2556 1757 2594 Eccles.
1779 2559 1849 2594 III.
1876 2570 1912 2604 p.
1936 2557 2012 2594 416.

201 2650 334 2681 certos.
373 2646 429 2680 Ex
453 2647 525 2680 hoc
551 2657 663 2691 opere
683 2647 912 2691 antiquiores
925 2649 1035 2683 Cata-
1107 2646 1143 2675 ⁴28
1169 2646 1348 2692 Cypriani
1379 2658 1494 2691 opera
1522 2659 1557 2692 p.
1578 2648 1659 2684 229.
