2341 3340
787 109 1663 188 rRAnFATIo.>

250 302 431 391 Quum
459 322 729 368 venerabilis
758 321 1118 382 Theologorum
1156 318 1476 366 Hafniensium
1505 319 1620 365 ordo
1651 334 1767 365 anno
1797 318 2162 369 MDCCCXVII

249 406 544 461 quaestionem
579 388 712 450 hanc
732 403 1048 464 proposuerit:

379 485 707 548 Investigatis
726 485 963 531 Ecclesiae
971 485 1232 545 Africanae
1248 482 1534 546 originibuS,
1553 488 1849 537 enarrentur
1864 483 2163 531 incrementa

248 565 468 626 ejusdem
497 583 648 631 usque
675 563 745 617 ad
763 568 929 628 finem
953 567 1107 613 seculi
1136 567 1364 620 secund2‘3
1650 615 1652 617 ,

383 653 721 696 concertatione
762 649 1331 700 civium‘academicorum
1374 647 1717 705 illustrandam,
1767 663 1923 699 verum
1967 664 2101 693 nemo
2139 665 2166 694 e

248 733 633 777 commilitonibus
678 733 842 779 nostris
880 732 1073 778 hancce*
1096 732 1334 792 amplexus
1377 731 1517 776 fuerit
1559 731 1847 776 occasionem
1880 730 1939 774 de
1977 730 2168 774 historia

245 815 636 873 priscaeccclesiae
668 820 737 859 tot
764 815 921 864 adhuc
945 814 1145 860 tenebris
1167 813 1729 874 pressa*bene-merendi&>
1759 828 1851 869 me,
1884 812 2168 856 licet-multis

247 895 395 954 iisque
432 898 708 956 gravissimis
745 897 942 957 negotiis
978 897 1243 942 distractum
1268 930 1281 954 ,
1330 897 1514 957 impulit
1549 896 1752 951 animus,
1807 900 1857 939 ut
1907 895 2006 954 ipse
2053 909 2168 953 opus

249 977 544 1037 adgrederer,
573 980 832 1039 periculum
850 979 1070 1035 facturus,
1098 980 1135 1023 si
1153 979 1265 1038 quid
1280 980 1332 1043 »in
1353 984 1476 1022 tanta
1492 993 1646 1022 rerum
1669 978 1963 1031 obscuritate,
1999 977 2168 1035 inopia,

248 1065 409 1123 atque,
437 1075 548 1119 *quae
579 1061 686 1106 inde
709 1061 961 1107 necessario
987 1061 1181 1105 oriunda
1209 1066 1318 1117 erat,
1355 1061 1644 1116 difficultate,
1682 1067 1785 1124 post
1818 1059 2170 1103 Schelstratium

250 1147 295 1186 et
308 1141 667 1201 Leidekkerum,
702 1144 782 1203 qui
801 1149 952 1187 tamen
972 1145 1018 1187 in
1045 1143 1364 1200 antiquissimis
1388 1141 1753 1192 Christianorum
1780 1142 2002 1185 Afrorum
2032 1141 2170 1184 rebus

250 1225 510 1269 enarrandis
537 1225 664 1286 justo
695 1227 925 1271 breviores
953 1226 1092 1285 fuisse
1118 1225 1414 1281 videbantur,
1457 1230 1555 1267 tum
1582 1224 1762 1269 notitias
1791 1224 1836 1266 in
1871 1222 2170 1281 scriptoribus

250 1321 424 1367 sparsas
445 1308 728 1368 colligendo,
762 1313 861 1352 tum
889 1322 945 1352 ex
973 1307 1175 1357 collectis
1198 1315 1335 1364 atque
1357 1321 1413 1350 ex
1443 1306 1656 1365 analogia
1682 1305 1870 1348 aliarum
1891 1306 2028 1364 prisci
2051 1306 2170 1349 illius

249 1391 469 1449 temporis
503 1405 655 1435 rerum
694 1389 996 1449 conjiciendo,
1031 1390 1079 1436 in
1107 1389 1260 1433 multis
1286 1394 1478 1446 certum,
1512 1389 1559 1432 in
1587 1387 1682 1431 aliis
1716 1387 1970 1432 verosimile
1997 1387 2172 1446 aliquid

252 1472 348 1516 erui
375 1477 513 1530 atque
538 1473 585 1518 in
621 1473 812 1522 clariore
841 1473 946 1518 luce
977 1472 1090 1533 poni
1115 1471 1282 1531 possit.

383 1553 546 1600 Hocce
594 1569 704 1600 vero
740 1569 857 1615 opus
892 1559 1021 1599 tanto
1066 1554 1214 1613 magis
1255 1568 1462 1598 mearum
1504 1568 1600 1597 esse
1639 1552 1839 1612 partium
1891 1556 2014 1595 ratus
2056 1567 2172 1609 sum,

253 1650 397 1693 quum
430 1636 565 1681 brevi
595 1642 726 1680 antea
761 1636 809 1680 in
841 1636 1068 1695 religione
1097 1634 1543 1693 Carthaginiensium
1568 1635 1829 1678 Poenorum
1874 1633 2174 1678 examinanda

255 1723 454 1761 versatus
498 1716 718 1775 fuissem,
769 1730 918 1774 neque
961 1716 1134 1760 cultum
1175 1716 1624 1776 Carthaginiensium
1663 1716 2012 1772 Romanorum,
2066 1730 2174 1760 cum

251 1799 402 1858 prisca
438 1799 517 1843 illa
555 1797 688 1843 haud
720 1812 812 1843 uno
851 1802 1028 1842 tantum
1061 1799 1245 1842 nomine
1281 1798 1592 1857 conjunctum,
1627 1797 1943 1857 neglexissem.
2013 1797 2175 1855 Itaque

252 1881 415 1926 limites
447 1882 685 1941 utriusque
712 1880 972 1940 religionis,
1020 1878 1329 1930 Ethnicorum
1377 1885 1423 1924 et
1456 1878 1844 1935 Christianorum,
1882 1880 2036 1939 attigi,
2074 1893 2176 1924 cer-

251 1969 404 2008 tamen
427 1964 673 2023 *utriusque
700 1962 768 2010 ..de
794 1962 1010 2019 victoria,
1060 1976 1164 2020 quae
1194 1961 1306 2007 huic
1342 1962 1543 2021 denique
1579 1962 1733 2007 divino
1767 1961 1994 2006 beneficio
2026 1963 2172 2019 cessit,

253 2051 474 2103 quantum
511 2051 619 2106 post
658 2050 728 2090 tot
762 2045 1019 2090 seculorum
1069 2043 1313 2088 decursum
1357 2045 1457 2088 fieri
1502 2045 1677 2104 potuit,
1731 2044 1993 2100 observavi,
2038 2051 2177 2104 atque

237 2114 496 2186 *scriptores
525 2127 666 2173 Afros
684 2160 698 2185 ,
732 2126 1072 2173 Tertullianum
1112 2125 1317 2174 maxime,
1348 2132 1393 2171 et
1421 2125 1730 2185 cyprianum,
1767 2141 1852 2170 nec
1890 2141 1978 2170 non
2008 2127 2176 2185 Augu-

254 2207 420 2252 stinum
470 2209 673 2269 aliosque
722 2224 895 2270 paucos
939 2213 1186 2268 perpetuos
1237 2207 1382 2251 habui
1430 2207 1582 2252 duces.
1670 2208 1787 2252 Inde
1832 2214 1984 2252 autem
2031 2208 2177 2268 majus

256 2288 410 2334 adhuc
437 2296 586 2336 ortum
613 2298 679 2336 est
706 2292 1047 2339 incitamentum
1077 2291 1137 2334 ad
1168 2289 1433 2333 tentandam
1466 2304 1856 2335 PnnvronmonvM
1900 2304 2176 2335 Eccm-:smn

255 2386 539 2417 armentius
564 2390 590 2418 a
615 2373 879 2434 Theologis
899 2373 1223 2417 Hafniensibus
1251 2371 1554 2415 desideratam
1578 2371 1999 2425 adumbrationem3
2036 2387 2176 2429 quam

256 2454 444 2512 quidem
475 2455 688 2512 incertis,
724 2456 853 2514 quod
896 2454 1094 2500 candide
1124 2455 1287 2509 fateor,
1327 2452 1455 2496 haud
1493 2467 1595 2495 raro
1632 2454 1782 2509 lineis,
1818 2454 2022 2496 obscuris
2056 2468 2176 2512 saepe

254 2536 454 2594 vestigiis
497 2537 733 2594 insistens,
786 2535 1151 2596 conjecturisque
1200 2535 1427 2579 interdum
1482 2535 1759 2593 indulgens,
1809 2535 1853 2577 in
1903 2535 2031 2578 hisce
2075 2549 2177 2592 quae

258 2621 506 2672 sequuntur
541 2617 720 2677 paginis
755 2617 878 2661 duxi.
961 2617 1144 2672 Quaesi
1179 2614 1307 2660 haud
1348 2617 1482 2675 plane
1508 2617 1612 2659 viris
1648 2616 1794 2660 doctis
1825 2616 2097 2674 displiceant
2134 2622 2179 2660 et
