2341 3340
1214 141 1312 188 170

302 290 491 330 universe
519 286 782 340 presbyteros
818 288 940 337 atque
969 285 1183 337 episcopos
1215 297 1265 324 eo
1300 296 1396 324 usos
1433 284 1562 324 fuisse
1576 284 1632 333 253
1681 285 1764 325 hoc
1799 289 1936 325 tamen
1973 286 2016 325 in
2057 286 2227 326 dubium

301 367 440 407 vocari
471 366 584 406 nullo
618 365 741 404 modo
773 366 938 417 poterit,
969 364 1244 416 Philosophos
1280 376 1389 416 aegre
1419 364 1562 403 tulisse
1595 364 1920 404 Christianorum
1951 365 2228 417 philosophici

303 446 478 499 nominis
511 445 850 493 adfectationem,
894 445 1086 495 omnique
1116 457 1240 496 opera
1275 444 1555 493 contendisse,
1591 447 1637 484 ut
1671 457 1716 483 se
1746 444 1794 483 ab
1827 444 1878 484 iis
1911 444 2227 498 distinguerent3

301 525 479 578 ideoque
511 525 576 564 vel
603 525 647 564 in
678 524 1031 577 persecutionibus
1062 528 1154 562 suasv
1185 526 1321 575 partes
1355 523 1500 576 egisse.

404 587 407 590 ‚
480 603 636 645 Verum
668 604 904 652 enimvero,
946 603 1125 654 quamvis
1157 615 1238 642 non
1276 614 1418 642 omnes
1451 603 1699 642 calamitates
1733 615 1756 642 a
1788 603 1956 655 singulis
1987 601 2230 643 Christianis

300 685 431 727 averti
459 684 687 737 potuerint,
724 683 924 734 multique
954 694 1027 721 sua
1058 685 1203 735 sponte
1235 685 1410 721 mortem
1443 683 1710 734 oppetierint,
1745 682 1825 722 hoc
1863 687 1999 723 tamen
2031 683 2230 736 sapientia

300 765 531 819 principum
581 767 704 814 atque
745 762 998 802 humanitate
1046 765 1089 800 et
1140 761 1423 801 moderatione
1469 761 1776 813 magistratuum
1821 762 2007 814 plurimis
2042 763 2085 802 in
2125 763 2228 802 locis

301 849 462 893 actum,
508 847 554 883 ut
582 842 837 882 tolerabilior
881 844 991 880 esset
1024 840 1349 881 Christianorum
1382 844 1510 880 status
1530 869 1542 889 ‚
1596 843 1718 891 atque
1757 853 1836 893 pax
1875 842 2062 883 ecclesiae
2099 841 2229 882 rarius

300 923 546 964 turbaretur.
605 920 726 972 Quod
754 920 798 960 in
827 918 969 959 Africa
1006 931 1169 971 quoque
1199 921 1385 961 evenisse
1416 909 1505 973 jam
1536 919 1778 961 videbimus,

451 1308 455 1312 ,
978 1266 1029 1323 G
1051 1265 1106 1322 A.
1125 1266 1198 1323 P.
1279 1265 1336 1322 X
1356 1265 1412 1322 X
1432 1265 1491 1322 V
1509 1265 1561 1324 I.

380 1364 600 1406 STATUs
659 1364 1132 1423 cHu1sT1AN0RUM
1184 1367 1347 1426 ‘ANTE
1383 1365 1885 1428 ‚PERSEc—UTIONEM
1942 1365 2157 1430 sevum.

301 1540 339 1579 1.
396 1507 701 1594 Navigamus
730 1544 775 1582 et
804 1554 884 1580 nos
913 1540 1140 1586 vobiscum,
1169 1543 1214 1579 et
1236 1540 1490 1586 militamus,
1519 1545 1563 1580 et
1576 1541 1857 1587 rusticamur,
1889 1546 1932 1581 et
1961 1554 2204 1582 mercamur
2214 1556 2230 1589 ;

296 1619 487 1674 proinde
508 1621 731 1660 miscemus
750 1626 884 1667 artes,
908 1633 1041 1673 opera
1058 1625 1213 1659 nostra
1231 1618 1502 1673 publicamus
1519 1625 1664 1659 vestro
1683 1621 1796 1668 usui,
1830 1619 1930 1657 dicit
1952 1618 2229 1661 Tertullianus

299 1698 473 1751 Apolog.
505 1711 541 1738 c.
568 1698 645 1747 423
695 1699 858 1751 alioque
888 1698 1010 1738 loco:
1067 1697 1286 1738 Hesterni
1310 1712 1462 1738 sumus
1491 1707 1534 1739 et
1575 1706 1723 1740 vestra
1762 1700 1908 1739 omnia
1942 1700 2227 1754 implevimus,

298 1779 436 1826 urbes,
471 1779 654 1827 insulas,
678 1780 874 1827 castella,
908 1778 1161 1832 municipia,
1192 1777 1494 1826 conciliabula,
1526 1781 1802 1834 castravipsm
1833 1779 1984 1826 tribus,
2013 1779 2226 1829 decurias,

294 1859 527 1912 palatium,
564 1865 780 1906 senatum,
811 1860 984 1911 forum.
1044 1857 1150 1897 Sola
1184 1857 1300 1896 vobis
1333 1858 1619 1911 relinquimus
1649 1860 1812 1912 templa
1847 1855 2043 1912 (Apolog.
2073 1857 2225 1908 «2370.

300 1935 345 1975 Si
379 1936 423 1975 in
459 1934 714 1976 Christianos
753 1936 1033 1984 saeviendum,
1079 1935 1337 1981 decimanda
1373 1937 1503 1987 foret
1550 1937 1772 1990 Carthago
1817 1935 1891 1992 (ad
1935 1935 2052 1988 Scap.
2089 1949 2125 1976 c.
2153 1937 2227 1988 5.).

298 2014 530 2056 Senatorii
557 2016 726 2057 ordinis
766 2015 939 2064 virosl,
982 2021 1212 2056 matronas
1244 2020 1289 2055 ec
1315 2016 1588 2069 principales
1618 2030 1805 2070 quasque
1835 2029 2052 2070 personas
2087 2016 2227 2057 inven-

320 2171 356 2201 25
381 2172 545 2206 Librum
578 2171 681 2205 hunc
715 2171 938 2216 conscripsit
959 2171 1124 2205 Tertull.
1152 2182 1241 2205 cum
1384 2171 1646 2205 sacerdotalem
1676 2171 1796 2205 habet
1815 2171 2077 2206 Tertullianus
2107 2171 2226 2219 (apud

392 2242 494 2288 pacis
509 2242 587 2276 otia
611 2245 733 2275 essent
757 2241 858 2276 circa
873 2253 930 2276 an.
945 2241 1024 2276 208.
1049 2240 1241 2285 (Noesselt
1384 2240 1615 2276 Salmasium
1649 2254 1686 2286 p.
1717 2241 1794 2286 74.)
1839 2244 1877 2275 et
1916 2242 2089 2286 infulas,
2133 2255 2225 2289 quas

391 2311 557 2357 11.p.31.
583 2311 757 2346 Nea'nder
776 2311 904 2357 1230&
920 2312 975 2346 10.
1008 2312 1240 2346 seecundum
1326 2322 1329 2325 ’
1385 2314 1578 2346 communis
1614 2312 1812 2356 disciplinae
1836 2314 1998 2356 sormam
2035 2315 2073 2348 in
2099 2316 2225 2359 fronte

389 2381 801 2421 Morcelluman.210.)
815 2381 1239 2427 pluribusigiturannis
1383 2382 1576 2427 appellare
1605 2381 1770 2417 videtur.
1801 2380 1868 2426 (de
1904 2394 2056 2431 monog.
2083 2397 2113 2421 c.
2133 2385 2223 2431 12).

389 2456 474 2498 post
492 2452 710 2486 inchoatam
724 2453 1041 2497 persecutionem.
1070 2451 1240 2486 Walohii

389 2522 646 2568 Antiquitates
676 2522 785 2567 pallii
814 2523 1073 2568 philosophici
1101 2536 1135 2568 p.
1154 2523 1235 2558 225.
1331 2519 1347 2549 1
1374 2521 1471 2557 Sunt
1498 2522 1614 2558 iidem
1638 2523 1909 2568 hiSenatores,
1938 2537 2030 2571 quos
2051 2526 2221 2563 Valeria-

389 2594 482 2628 Erat
501 2593 581 2627 haec
597 2592 983 2636 sententiaSalmasii,
1010 2594 1072 2628 cui
1086 2606 1236 2639 quoque
1378 2604 1448 2627 nus
1483 2593 1520 2628 in
1552 2595 1701 2638 edicto,
1740 2596 1849 2640 cujus
1883 2595 2072 2641 ipsissima
2104 2597 2224 2635 verba

389 2664 647 2708 adstipulatur
670 2663 833 2709 Augusti
861 2664 1046 2699 Archaeol.
1070 2664 1235 2698 Christi-
1378 2655 1508 2699 extant
1542 2665 1580 2699 in
1614 2666 1796 2711 Cypriani
1828 2666 1935 2710 epist.
1965 2665 2022 2700 80.
2059 2667 2106 2700 nd
2127 2666 2220 2700 Sue-

388 2746 467 2770 anae
495 2735 577 2770 Vol.
601 2734 701 2769 VIII.
731 2746 765 2779 p.
789 2733 870 2769 209.
923 2735 1099 2769 Habitum
1130 2739 1233 2770 certe
1377 2746 1523 2772 cessum
1547 2747 1643 2770 anno
1658 2736 1727 2770 258
1747 2736 1846 2777 data,
1872 2747 1905 2780 p.
1923 2735 2005 2778 273,
2034 2736 2220 2782 dignitate
