2341 3340
1155 155 1255 202 108

431 302 499 343 11.
586 301 843 342 Orationem
903 315 986 356 pro
1043 299 1265 352 defunctis
1334 311 1427 338 oum
1495 297 1783 338 oblationibus
1848 297 2163 338 elementorum

234 383 643 426 Eucharistioorum
675 381 977 434 conjunctam,
1013 379 1307 419 commemorat
1336 375 1613 417 Tertullianus
1644 376 1696 416 de
1730 388 1869 416 coron.
1899 375 2018 415 milit.
2049 386 2086 415 c.
2117 374 2163 414 3:

237 464 487 504 Oblationes
517 474 596 516 pro
631 460 852 512 defunctis
882 474 964 515 pro
995 459 1218 501 natalitiis
1239 470 1392 497 annua
1416 457 1486 496 die
1498 459 1709 509 facimus.
1753 456 1808 495 Et
1830 455 1883 494 de
1910 454 2165 507 monogamia

237 555 273 582 e.
304 543 386 590 1o.‚
422 541 494 579 ubi
524 539 577 578 de
606 539 755 579 vidua:
813 541 1054 581 Enimvero
1088 546 1131 579 et
1158 551 1241 592 pro
1273 537 1420 577 anima
1453 536 1548 589 ejus
1579 534 1753 591 (mariti)
1792 541 1915 584 orat,
1951 541 1996 575 et·
2030 534 2163 586 refri-

236 623 405 676 gerium
435 621 614 660 interim
652 620 903 674 expostulat
934 619 1002 665 ei,
1050 622 1094 658 et
1137 619 1182 657 in
1219 618 1367 670 prima
1414 619 1740 656 resurrectione
1778 616 2072 661 consortium,
2119 617 2167 656 et

237 701 369 756 offert
412 700 573 739 annuis
619 699 765 738 diebus
811 697 1086 737 dormitionis
1132 698 1238 751 ejus.
1312 694 1404 758 Vix-
1436 696 1664 748 antiquiora
1702 695 1827 747 hujus
1865 693 1990 733 moris
2027 693 2168 732 extant

232 778 479 820 testimonia.
552 777 631 817 Hoe
668 789 766 816 vero
803 788 948 829 preces
992 776 1294 824 recitabantur,
1344 775 1540 828 symbolis
1585 774 1833 815 consecratis
1878 784 2032 812 mensae
2077 770 2166 824 jam

233 858 421 906 illatis473
464 856 574 897 unde
599 856 710 895 forte
740 856 945 908 conjicere
983 855 1113 907 possit
1150 855 1319 907 aliquis,
1368 855 1648 907 antiquissima
1679 854 1777 894 heic
1818 851 1995 892 Ganonis
2023 848 2168 890 Missae

234 938 405 990 vestigia
439 934 643 975 haberi‘ffi.
1411 932 1413 934 ’

414 1014 482 1054 12.
550 1015 776 1056 Natalitia
813 1014 1065 1067 Martyrum
1112 1012 1179 1051 vix
1221 1014 1317 1051 ante
1360 1010 1657 1051 Tertullianum
1700 1012 1900 1052 celebrari
1935 1010 2171 1063 potuerunt,

232 1107 357 1147 quum
384 1094 436 1134 ad
460 1093 603 1133 Severi
630 1105 762 1143 usque
791 1095 953 1131 aetatem
979 1095 1120 1143 pacata
1141 1104 1216 1144 per
1243 1090 1427 1131 Africam
1457 1091 1645 1130 ecclesiae
1671 1090 1799 1130 fuerit
1831 1091 2026 1131 conditio.
2083 1087 2167 1129 Sed

230 1174 301 1214 ille
335 1173 554 1226 Apologet.
585 1185 621 1211 e.
646 1172 686 1211 3.
715 1172 841 1212 habet
869 1185 953 1226 pro
983 1173 1205 1213 natalitiis
1235 1185 1435 1212 annuum
1467 1171 1592 1211 diem.

414 1253 482 1292 13.
539 1253 849 1305 Litargiarum
877 1252 919 1290 in
947 1250 1136 1291 Ecclesia
1169 1251 1359 1291 Africana
1386 1253 1645 1302 receptarum
1674 1249 1785 1289 nulla
1813 1253 1908 1290 sunt
1937 1249 2100 1297 indicia,
2133 1247 2167 1287 si

230 1346 357 1373 unum
386 1332 511 1380 illud,
549 1330 657 1383 quod
685 1342 780 1369 mox
808 1329 1129 1382 indigitavimus‚
1168 1321 1358 1382 excipias.
1418 1329 1615 1369 Ceterum
1644 1341 1742 1368 vero
1771 1331 1928 1371 Preces
1956 1327 2008 1369 ad
2035 1328 2169 1368 Deum

231 1412 391 1452 fudisse
421 1411 614 1451 videntur
643 1423 694 1449 ex
722 1409 837 1449 inore
865 1409 1082 1461 primitivae
1101 1408 1299 1449 Ecclesiae
1327 1409 1415 1448 sine
1443 1408 1632 1448 formulis
1662 1407 1968 1461 praescriptis4⁹‚
2001 1409 2170 1460 excepta

232 1491 430 1531 Oratione
461 1489 688 1529 Dominica.
750 1489 910 1529 Gestus
948 1490 1173 1529 orantium
1210 1488 1321 1528 idem
1358 1488 1429 1540 qui
1466 1489 1510 1528 in
1550 1488 1724 1540 reliquia
1768 1488 1967 1535 ecclesia3
2003 1486 2170 1526 bracllia

232 1582 435 1623 expansa,
468 1581 611 1609 manus
635 1568 678 1607 in
706 1567 868 1607 coelum
898 1567 1036 1615 elatae3
1072 1567 1259 1620 inprimis
1291 1576 1391 1607 vero
1417 1568 1553 1607 crucis
1579 1568 1755 1608 formam
1786 1564 2088 1615 adamarunt⁵⁰‚
2117 1565 2169 1606 ab

231 1649 422 1689 Ethnicis
463 1648 649 1687 fortassis
684 1659 759 1699 pro
794 1647 951 1698 magica
991 1647 1282 1697 superstitione
1320 1645 1561 1686 habitam51.
1634 1647 1896 1699 Quibusdam
1930 1645 2168 1699 adsignata

231 1727 471 1778 (transacta)
510 1728 713 1767 oratione
746 1725 980 1766 adsidendi
1011 1730 1098 1766 erat
1127 1738 1215 1765 mos
1227 1725 1276 1778 ⁵2,
1316 1726 1387 1765 alii
1410 1727 1571 1781 positis
1604 1727 1779 1781 penulis
1811 1726 1979 1765 orabant
1990 1739 2002 1774 3
2047 1723 2168 1777 (ibid.

230 1806 284 1847 de
316 1811 418 1847 orat.
444 1819 478 1846 c.
504 1806 602 1856 12).
644 1805 766 1845 Nudo
797 1806 930 1857 capite
959 1805 1049 1853 viri,
1089 1809 1232 1857 operto
1257 1804 1426 1845 feminae
1456 1805 1638 1854 orabant,
1667 1818 1717 1844 ex
1745 1809 1953 1857 praecepto
1985 1804 2174 1858 Apostoli

231 1886 256 1926 1
288 1885 383 1926 Gor.
416 1885 487 1925 XI.
503 1885 543 1924 4.
565 1884 605 1924 5.
635 1885 737 1923 licet
766 1883 940 1923 forsitan
966 1883 1224 1923 remissiores
1256 1884 1302 1923 in
1323 1883 1406 1923 hoc
1434 1884 1516 1923 ritu
1545 1884 1798 1923 observando
1830 1887 1967 1924 essent
1994 1884 2174 1937 virgines

232 1965 455 2013 Africanae,
491 1965 583 2004 velo
612 1963 808 2003 matronis
841 1963 1002 2003 relicto.
1064 1961 1149 2002 Sed
1184 1975 1309 2015 quum
1337 1962 1603 2003 Montanistae
1632 1963 1914 2016 postularent,
1955 1967 2002 2003 ut
2031 1973 2173 2005 omnes

231 2045 426 2084 mulieres
447 2056 496 2082 eo
510 2044 554 2083 in
576 2043 701 2083 sacris
723 2046 950 2092 uterentur,
970 2043 1148 2095 virgines
1161 2041 1388 2083 Catholicae
1407 2043 1544 2082 velum
1566 2044 1688 2095 plane
1703 2044 1934 2096 neglexisse
1959 2043 2170 2093 videntum

233 2135 312 2175 qua
337 2122 391 2161 de
421 2134 540 2163 causa
560 2122 838 2162 Tertullianus
860 2123 1008 2162 librum
1031 2122 1196 2175 scripsit
1213 2122 1266 2162 de
1285 2121 1467 2162 velandis
1481 2123 1718 2175 virginibus,
1751 2123 1794 2162 in
1820 2123 2056 2175 quo-docet,
2085 2127 2168 2165 tam

258 2277 295 2307 47
321 2278 461 2323 Cyrilli
480 2278 632 2312 Hieros.
652 2278 845 2313 Cateehes.
858 2276 915 2311 23.
936 2278 970 2320 §-
989 2277 1023 2312 9.
1059 2274 1110 2312 “H
1123 2282 1182 2324 μὲν
1322 2279 1522 2314 attollimus
1555 2284 1698 2313 tantum
1711 2303 1725 2320 ,
1759 2280 1823 2313 sed
1851 2281 1960 2314 etiam
1991 2281 2166 2328 expandi-

329 2345 811 2395 δέησιςιἰιναψέρεταιτῆςἁγίας
826 2348 947 2387 θυσίας
959 2354 1180 2394 προκειμένης.
1321 2361 1424 2391 mus,
1458 2349 1636 2383 dominica
1668 2350 1837 2393 passione
1872 2351 2101 2387 modulantes
2130 2356 2166 2389 et

260 2417 297 2447 48
319 2417 502 2453 Ammons
542 2417 888 2452 unverff'inderliche
919 2416 1077 2451 Einheit
1111 2418 1179 2453 der
1321 2424 1469 2454 orantes
1497 2417 1637 2454 Christo
1672 2421 1894 2463 confitemur.
1944 2423 1981 2455 et
2008 2434 2039 2457 c.
2058 2419 2094 2456 3.

330 2487 639 2532 Evangelischen
660 2487 803 2521 Kirche
826 2488 856 2523 Ι.
885 2498 921 2531 p.
938 2486 995 2521 71.
1019 2487 1076 2522 72.
1251 2488 1286 2519 51
1311 2490 1368 2524 Ad
1404 2501 1511 2524 uxor.
1532 2489 1617 2523 Lib.
1641 2489 1690 2524 ΙΙ.
1720 2501 1749 2524 c.
1769 2490 1803 2525 5.

262 2556 299 2586 49
322 2556 499 2601 Exceptis
521 2557 761 2601 paucissimis
780 2570 814 2592 v.
831 2568 862 2592 c.
883 2569 1028 2593 sursum
1046 2559 1179 2593 corda.-
1250 2558 1287 2590 52
1311 2559 1476 2596 Tertull.
1497 2559 1543 2593 de
1570 2563 1664 2594 orat.
1690 2573 1721 2595 c.
1742 2561 1801 2595 12.
1827 2559 2040 2605 suspicatur
2068 2570 2161 2596 vero
2180 2600 2183 2602 q

331 2628 502 2662 habemus
534 2628 585 2661 ad
606 2627 806 2664 Dominum.
855 2628 972 2675 Cypr-
1001 2630 1047 2664 de
1083 2632 1179 2666 orat.
1322 2632 1450 2664 ortum
1475 2641 1555 2664 esse
1584 2642 1629 2664 ex
1660 2642 1818 2666 erronea
1851 2630 2165 2674 interpretatione

335 2697 444 2731 Dom.
479 2708 516 2742 p.
539 2697 622 2732 152.
1319 2699 1410 2742 loci,
1443 2700 1509 2745 qui
1539 2699 1578 2734 in
1606 2700 1763 2735 Pastore
1793 2702 1946 2735 Hermae
1979 2700 2165 2738 attributo

260 2764 297 2795 5⁰
322 2766 485 2802 Ter-tull.
519 2768 566 2802 de
598 2771 692 2803 orat.
727 2780 757 2803 c.
783 2768 841 2804 11.
892 2768 970 2804 Nos
996 2779 1078 2804 voro
1104 2780 1179 2805 non
1320 2768 1476 2815 legItur.
1525 2770 1584 2805 cf.
1610 2770 1734 2816 Episc.
1755 2770 1926 2806 Lincoln.
1949 2783 1986 2816 p.
2007 2769 2091 2807 258.
