2341 3340
1246 153 1312 202 *78

308 302 359 343 ad
388 299 634 354 cyprianum
655 298 852 353 Epistolae
885 297 928 339 iu
955 296 1230 339 controversia
1261 296 1312 337 de
1341 293 1550 337 haereticis
1589 296 1891 349 rebaptizandis
1906 295 1935 338 ¹.
1998 299 2034 339 E
2067 311 2147 350 quo
2173 300 2240 342 vel

307 393 391 421 uno
425 381 612 433 exemplo
635 383 763 432 patet,
795 379 1009 418 Africanas
1041 378 1235 417 ecclesias
1266 380 1422 416 mature
1446 375 1533 427 jam
1563 380 1749 428 receptas
1770 377 1898 417 fuisse
1922 379 1964 418 in
1990 380 2240 430 reliquarum

310 460 492 500 omnium
523 460 785 508 societatem,
830 471 908 510 qua
943 459 1148 498 firmatum
1178 458 1233 497 ita
1262 457 1341 496 suit
1374 457 1562 495 ecclesiae
1597 457 1837 507 aedificium,
1879 461 1925 498 ut
1950 459 2015 499 vel
2046 472 2069 499 a
2095 472 2241 499 cruen-

307 539 476 580 tissimis
508 538 863 593 persecutionibus
891 539 934 578 in
965 542 1176 592 posterum
1203 537 1368 577 concuti
1396 549 1563 591 prorsus
1585 537 1789 588 nequiret.

1047 897 1098 954 O
1120 896 1268 954 ΑΡ.
1346 896 1501 955 XV.

847 996 1039 1038 CANON
1097 995 1431 1036 SCRIPTURAE
1493 995 1703 1036 SAcnAE.

306 1167 344 1208 1.
404 1141 692 1232 Quamquam
717 1172 903 1212 historiae
933 1171 1226 1212 ecclesiasticae
1259 1172 1524 1209 monumenta
1554 1169 1606 1208 de
1635 1169 1767 1220 fonte,
1789 1169 1899 1209 unde
1922 1171 2014 1211 Afri
2043 1184 2240 1212 canonem

303 1262 422 1289 suum
451 1263 576 1290 sacrae
605 1250 826 1304 Scripturae
857 1252 1083 1299 hauserint,
1122 1251 1226 1290 nihil
1249 1249 1460 1288 memoriae
1490 1249 1681 1301 produnt,
1713 1251 1899 1303 proxime
1932 1255 2082 1302 tamen,
2113 1263 2239 1310 quum

303 1328 396 1368 fere
427 1330 557 1369 omnis
595 1331 806 1384 religionis
848 1331 1092 1371 Christianae
1127 1329 1318 1368 doctrina
1355 1341 1406 1367 ex
1445 1329 1557 1368 orbis
1595 1333 1797 1370 terrarum
1829 1332 2048 1384 metropoli
2088 1331 2142 1383 ad
2167 1324 2239 1373 eos

304 1409 438 1450 delata
465 1410 678 1460 videat-ur,
718 1425 741 1451 a
774 1424 870 1451 vero
902 1411 1018 1451 abest
1049 1409 1281 1457 sententia,
1328 1409 1546 1449 ecclesiam
1576 1409 1802 1450 Romanam
1836 1423 2034 1451 canonem
2073 1422 2239 1464 quoque

302 1497 421 1529 suum
455 1503 616 1530 sacrum
646 1504 740 1530 cum
772 1492 821 1530 iis
858 1491 1193 1530 communicasse.
1263 1490 1401 1541 Qualis
1430 1502 1527 1528 vero
1558 1489 1755 1529 Afrorum
1784 1502 1900 1529 sacer
1927 1491 1999 1530 ille
2025 1492 2238 1543 utriusque

303 1580 434 1608 canon
471 1569 616 1619 fuerit,
658 1571 844 1623 inprimis
873 1571 1068 1623 colligere
1099 1574 1162 1610 est
1198 1583 1248 1609 ex
1276 1569 1522 1608 Tertulliani
1550 1574 1671 1621 atque
1699 1569 1892 1622 Cypriani
1919 1570 2048 1609 libris.
2101 1569 2237 1611 Pauca

302 1650 413 1689 enim
442 1651 533 1700 illa,
564 1663 656 1701 quae
681 1655 770 1690 acta
787 1651 1018 1703 Martyrum
1044 1650 1348 1690 Scillitanorum
1380 1649 1461 1688 hoc
1488 1649 1539 1688 de
1563 1653 1803 1701 argumento
1833 1649 2044 1698 exhibent,
2073 1649 2125 1689 ad
2148 1662 2236 1691 rem

300 1734 489 1770 accurate
509 1730 785 1775 definiendam
817 1731 921 1770 nihil
950 1743 1115 1783 prorsus
1138 1729 1307 1778 faciunt,
1341 1741 1465 1779 quum
1481 1727 1675 1780 Speratus
1692 1728 1949 1769 Christianus
1975 1743 1998 1769 a
2015 1728 2235 1769 Saturnino

299 1808 552 1850 Proconsule
579 1811 866 1863 interrogatus,
895 1812 971 1865 qui
996 1817 1140 1851 essent
1164 1811 1267 1849 libri
1292 1822 1397 1863 quos
1426 1809 1623 1861 legentes
1655 1809 1921 1857 adorarent,
1951 1808 2233 1849 tantummodo

299 1893 540 1942 reponeret:
605 1892 832 1942 ”Quatuor
867 1891 1123 1942 Evangelia
1149 1888 1333 1928 Domini
1374 1887 1521 1926 nostra·
1553 1887 1657 1926 Jesu
1696 1887 1890 1935 Christi,
1936 1893 1980 1928 et
2011 1889 2234 1943 Episcolae

301 1968 463 2009 Sancti
476 1970 611 2010 Pauli
626 1971 843 2025 Apostoli,
879 1974 923 2009 et
944 1969 1083 2008 omnis
1102 1968 1323 2021 inspirata
1341 1965 1589 2019 Scriptura,
1624 1965 1688 2003 vel
1712 1969 1758 2004 ut
1776 1965 1886 2005 aliud
1904 1966 2233 2019 Manuscriptum

302 2048 528 2088 eorundem
573 2048 774 2088 Actorum
807 2048 972 2088 habet:
1030 2047 1157 2088 Libri
1191 2046 1545 2099 Evangeliorum
1584 2050 1628 2085 et
1668 2046 1890 2100 Epistola?
1932 2047 2090 2096 Pauli,
2143 2048 2235 2088 viri

299 2129 594 2177 sanctissimi,
634 2130 842 2184 Apostoli
855 2128 885 2168 ¹.

347 2283 364 2312 1
388 2283 638 2320 Anthentiam
664 2285 780 2328 hujus
809 2286 978 2330 epistolae
1008 2285 1047 2319 in
1078 2284 1242 2320 dubium
1383 2281 1699 2325 Dissertationes3
1737 2282 1770 2316 1.
1801 2282 1847 2316 de
1875 2281 1911 2315 S.
1929 2282 2148 2317 Firmiliani
2179 2283 2226 2317 ad

393 2358 567 2390 vocatam
618 2355 833 2390 vindicavit
879 2356 915 2390 J.
959 2356 1003 2390 G.
1040 2355 1240 2390 Walchius
1383 2337 1433 2387 S.¹
1455 2338 1695 2396 Stephanium
1726 2336 2001 2396 aliisque-ejus
2034 2352 2224 2398 operibus.

393 2424 679 2460 dissertatione:
728 2425 911 2471 Cypriani
945 2436 989 2459 ac
1019 2425 1239 2460 Fir-miliani
1381 2423 1415 2458 2.
1441 2423 1486 2456 de
1509 2433 1604 2456 anno
1627 2433 1700 2466 quo
1736 2426 1909 2456 mortuus
1941 2422 2060 2456 suerit
2082 2421 2243 2457 Firmi-2

393 2494 643 2539 epistolorum
678 2497 858 2530 adversus
882 2495 1067 2540 Stephani
1086 2495 1238 2539 LPapoe
1380 2493 1517 2535 lienus,
1547 2504 1613 2526 seu
1637 2491 1778 2526 Paulus
1803 2492 2068 2527 Samosatenus
2090 2491 2128 2526 in
2150 2491 2223 2537 Sy-

394 2564 592 2599 decretum
650 2566 694 2599 de
739 2566 1010 2600 haereticorum
1048 2565 1239 2610 baptismo
1382 2564 1480 2597 nodo
1516 2562 1754 2597 Antiocheno
1786 2563 1907 2598 fuerit
1939 2563 2220 2597 condemnatus.

391 2634 580 2678 vindiciae,
606 2636 779 2681 opposita
798 2637 1031 2682 Raymundo
1049 2636 1238 2670 Missorio.
1381 2633 1605 2669 Monasterii
1625 2632 1730 2668 179⁰.

391 2705 497 2740 anae
517 2707 619 2743 1738.
656 2707 826 2741 Eandem
854 2708 976 2742 ‹lenuo
996 2706 1240 2752 impugnavit
1781 2745 1783 2749 ¹

389 2776 453 2810 Fr.
486 2776 734 2811 Marcellinus
783 2777 1046 2811 Molkenbuhr
1067 2789 1076 2810 τ
1133 2777 1238 2811 Binae
1335 2776 1350 2805 1
1376 2776 1555 2813 Ruinarti
1576 2776 1671 2812 Acta
1689 2774 1741 2809 M.
1762 2773 1814 2809 Μ.
1845 2785 1880 2819 Ρ.
1900 2772 1956 2809 ’78-
1975 2771 2030 2808 80.
