2341 3340
1006 142 1108 187 257

112 282 220 325 XVI.
250 282 336 323 Kal.
366 283 468 323 Feb.
504 287 734 322 sanctorum
776 280 1065 321 Rubrensium.

113 356 243 402 XIIII.
271 361 357 400 Kal.
385 361 487 400 Feb.
520 365 750 399 sanctorum
781 354 1099 399 Tertullensium
1130 362 1172 398 et
1195 358 1489 401 FIcarIensium
1503 358 1551 400 5⁴.

113 439 225 479 XIII.
262 439 349 478 Kal.
375 438 478 477 Feb.
506 439 634 477 sancti
668 438 862 490 Martyris
897 436 1167 477 Sit-astianum.

113 516 205 556 XII.
235 517 322 555 Kal.
355 497 456 555 Feb.
485 521 637 555 sanctae
667 516 862 568 Martyris
890 516 1039 568 Agnes.

68 614 72 616 ·
112 594 184 635 XI.
215 594 303 633 Kal.
339 594 441 633 Feb.
477 596 605 633 sancti
636 594 829 646 Martyris
873 593 1074 634 Vincenti.

109 672 222 713 VIII.
253 672 340 712 Kal.
371 672 472 711 Feb.
512 673 637 711 sancti
668 673 861 724 Martyris
899 671 1100 724 Ageleiw.

110 749 282 790 Kalend.
318 750 417 790 Feb.
447 754 672 789 sanctorum
702 751 871 790 Luciani
902 754 945 789 et
979 750 1168 790 Vincenti

114 815 205 869 IIII.
235 829 339 869 Nou.
368 829 470 867 Feb.
507 834 736 868 sanctorum
770 828 1085 868 Carteriensium
1101 827 1149 866 49.

112 906 251 947 Nonas
281 907 382 946 Feb.
415 912 564 947 sanctae
593 907 788 959 Martyris
822 906 976 959 Agatae.

206 1063 454 1109 Augustinus⁹
500 1062 564 1108 qui
594 1067 631 1098 et
663 1075 874 1098 sermonem
909 1062 1048 1097 habuit:

163 1134 168 1137 ’
208 1144 278 1177 per
319 1132 492 1167 Natalem
535 1133 571 1168 S.
604 1132 809 1178 Martyris·
837 1133 958 1167 Salvii
1001 1145 1047 1168 ex

208 1200 371 1236 Possidii
412 1215 441 1236 c.
473 1201 506 1237 3.
536 1206 573 1237 et
605 1206 809 1237 tractatum
846 1215 963 1237 unum
1001 1205 1046 1237 de

208 1270 335 1306 Natali
363 1271 400 1306 S.
429 1271 562 1313 Salvii,
591 1283 635 1305 ex
658 1284 686 1306 c.
711 1272 764 1306 10.
820 1272 1047 1306 Membresi-

211 1345 340 1374 tanum
369 1344 493 1373 tamen
533 1341 649 1373 fuisse
694 1345 807 1386 negat
841 1341 1046 1375 Morcellus

209 1409 279 1444 111.
311 1408 391 1443 266.
431 1421 543 1453 quem
575 1421 765 1454 nunquam
805 1411 1046 1444 Catholicum

210 1479 349 1520 fuisse,
386 1478 476 1513 licet
513 1480 634 1512 multa
669 1490 692 1513 a
725 1479 932 1514 Donatistis
961 1491 1047 1525 per-

213 1559 342 1591 pessus
369 1548 507 1589 fuerit,
540 1549 685 1583 asserit.

143 1638 179 1668 45
203 1640 259 1676 Hi
282 1639 400 1673 fuisse
426 1639 604 1674 videntur
625 1640 723 1674 Afri.
769 1639 958 1675 Notkerus
979 1642 1050 1676 ha-

211 1710 277 1744 bet
300 1710 346 1743 ad
375 1709 412 1743 h.
439 1708 474 1743 (l.
524 1710 566 1742 Ιη
589 1710 718 1753 Africa
750 1710 885 1752 Pauli,
926 1711 1053 1754 Quinti

214 1784 249 1814 et
272 1779 504 1823 plurimorum
537 1780 749 1823 Martyrum.
799 1780 889 1813 llaec
923 1780 1050 1815 forsan

214 1847 338 1892 prima
351 1846 478 1879 classis
495 1847 798 1882 Tei-tullensium
821 1848 916 1884 fuit:
958 1850 1050 1883 Car-

215 1916 373 1961 thagine
405 1916 585 1958 Picarias,
630 1918 708 1951 Piae
739 1923 774 1952 et
806 1920 956 1953 aliorum
983 1919 1050 1953 tri-

217 1985 326 2028 ginta
360 1985 439 2017 duo.

148 2068 184 2099 ⁴¹⁵
209 2067 450 2103 Sebastianus
472 2068 604 2103 Comes
627 2080 650 2103 a
674 2070 875 2104 Genserico
898 2075 1052 2106 necatus

219 2149 314 2172 anuo
344 2138 422 2172 449.
474 2138 531 2172 Cf.
563 2138 790 2173 Morcellum
820 2140 889 2174 ΙΙΙ.
917 2152 950 2184 p.
972 2140 1053 2175 158.

152 2253 187 2283 47
211 2253 443 2299 Augustinus
481 2252 519 2287 iu
544 2254 716 2288 Natalem
747 2255 783 2289 S.
816 2255 947 2300 Agelei
977 2266 1056 2289 ser-

223 2335 371 2357 monem
395 2323 530 2357 habuit
556 2324 602 2356 ad
637 2325 819 2368 populum
848 2329 942 2358 teste
963 2325 1056 2358 Pos-

222 2392 319 2426 sidio
348 2404 379 2426 c.
412 2393 446 2427 9.
507 2393 650 2426 Caveus
685 2398 793 2438 putat
824 2406 910 2428 eum
940 2395 1057 2429 fuisse

221 2461 447 2505 Episcopum
480 2461 776 2497 Novatianorum
816 2465 915 2509 apud
957 2466 1054 2500 Con-

223 2531 519 2575 stantinopolim,
552 2542 664 2575 quem
691 2536 797 2566 aetate
820 2533 1056 2578 decrepitum

224 2600 354 2636 vivere
367 2600 520 2635 desiisse
542 2612 638 2634 anno
651 2600 719 2635 384
741 2603 859 2637 refert
871 2603 1057 2641 Socrates.

226 2670 326 2715 Quid
359 2682 448 2705 vcro
486 2671 549 2704 hic
580 2670 679 2704 inter
709 2675 855 2706 sanctos
892 2674 1059 2710 ecclesiae

295 2786 459 2820 Manteri
481 2786 686 2820 primordia
715 2787 879 2822 Ecclestae
902 2788 1099 2831 Afric-auce.

1207 749 1394 803 martyris
1407 750 1454 790 48.

1187 1062 1405 1097 Africanae?
1454 1063 1587 1109 Agelei
1616 1064 1799 1110 Martyris
1817 1066 2020 1100 Basilicam

1190 1132 1421 1177 Carthagine
1451 1144 1473 1166 a
1508 1134 1803 1168 Gunthamundo
1836 1135 2020 1168 Vandalo-

1187 1212 1274 1234 rum
1302 1212 1392 1246 rege
1426 1202 1632 1236 Catholicis
1669 1214 1764 1237 anno
1793 1191 1862 1238 1187
1893 1204 2021 1238 reddi-

1188 1274 1267 1304 tam
1298 1270 1384 1315 lego
1411 1281 1468 1314 ap.
1502 1270 1728 1306 Morccllum
1765 1273 1812 1307 ad
1844 1274 1881 1307 h.
1902 1284 1933 1307 a.
1951 1274 2021 1308 111.

1189 1352 1224 1384 p.
1249 1339 1328 1373 218.

1118 1432 1155 1460 48
1177 1432 1366 1467 Lucianus
1396 1432 1553 1466 forsitan
1583 1433 1680 1467 alter
1701 1437 1782 1478 post
1805 1435 2024 1480 Carpopho-

1189 1513 1276 1535 rum
1306 1502 1488 1546 Cypriani
1517 1513 1720 1545 successor,
1755 1504 1820 1548 qui
1851 1505 1897 1538 ab
1929 1516 2023 1539 anno

1188 1554 1350 1605 2643292
1390 1570 1502 1612 juxta
1544 1571 1772 1607 Morcellum
1818 1574 2025 1608 Ecclesiam

1191 1639 1548 1684 Carthaginiensem
1602 1641 1713 1676 rexit.
1785 1643 1893 1677 Idem
1947 1655 2026 1677 esse

1189 1713 1313 1754 potest
1333 1720 1419 1742 cum
1439 1709 1606 1743 Luciano
1636 1711 1715 1753 illo,
1736 1724 1848 1756 quem
1866 1713 2025 1757 Cypria-

1190 1790 1260 1812 nus
1285 1789 1343 1822 ep.
1361 1777 1416 1813 27.
1443 1780 1616 1813 nonnihil
1641 1781 1905 1824 reprehendit,
1935 1782 2027 1825 qnod

1191 1840 1290 1882 circa
1329 1849 1609 1893 intelligentiam
1645 1851 1834 1883 Domint'cae
1867 1850 2027 1884 lectionis

1191 1919 1308 1952 minus
1330 1918 1468 1961 peritus
1495 1924 1528 1952 et
1550 1920 1742 1961 facilitate
1769 1931 1837 1953 sua
1861 1920 2028 1953 molestus

1193 1986 1267 2030 ipsi
1285 1992 1393 2027 esset,
1426 1998 1559 2031 nempe
1585 1988 1699 2031 lapsis
1720 1988 1868 2022 veniam
1888 1989 2028 2034 passim

1194 2056 1442 2089 concedendo.
1490 2057 1547 2089 De
1582 2056 1777 2091 Vincentio
1805 2057 1903 2092 nihil
1942 2069 2028 2093 con-

1195 2129 1282 2160 stat.

1124 2209 1161 2238 49
1185 2209 1338 2245 Incerti.
1360 2209 1545 2242 Cartenna
1564 2208 1808 2244 Mauretaniae
1822 2210 2030 2246 Caesareen-

1195 2279 1247 2313 sis
1294 2278 1370 2312 fuit
1405 2279 1520 2320 ιιι-ὕες
1570 2279 1720 2312 Carteia
1754 2292 1844 2314 vero
1872 2280 2031 2316 Baeticae.

1197 2350 1323 2384 Hosce
1359 2348 1606 2382 Carteriensis
1642 2361 1731 2382 vero
1766 2350 1878 2383 Afros
1914 2350 2032 2383 fuisse

1198 2418 1398 2464 probabile
1417 2417 1460 2450 fit
1490 2429 1534 2450 cx
1553 2429 1724 2452 sermone
1746 2419 1794 2452 ab
1819 2420 2029 2465 Augustino

1195 2499 1263 2532 per
1310 2488 1482 2521 Natalem
1539 2488 1834 2523 Carteriensium
1888 2489 2033 2523 habito.

1196 2556 1340 2592 Possid.
1380 2556 1497 2589 Indic.
1536 2569 1565 2591 c.
1597 2557 1631 2591 9.
1698 2558 1831 2591 Plures
1864 2558 1936 2592 hoc
1975 2559 2034 2593 die

1197 2626 1336 2662 Africae
1360 2631 1548 2669 martyres
1571 2627 1700 2660 laudat
1714 2626 2034 2673 Martyrologium

1201 2696 1439 2741 Hieronymo
1474 2695 1718 2740 adscriptum.

1728 2787 1776 2823 33
