2341 3340
1226 181 1293 227 62

295 335 583 364 ooNerLARI:
640 323 838 364 Faustus
861 320 1038 362 'l'imidae
1061 321 1304 375 Episcopus,
1337 319 1574 371 Confessor,
1609 322 1724 376 cujus
1755 321 2005 376 Augustinus
2033 325 2220 365 meminit

291 403 432 453 contra
455 400 685 441 Donatistas
716 401 768 440 de
790 401 992 453 baptismo
1023 401 1114 441 Lib.
1136 400 1308 442 V11.22.
1345 401 1591 443 Venantizcs
1623 402 1778 441 Tinisae
1810 401 1949 454 Episc.
1982 402 2216 443 Confessor.

292 479 555 535 Pomponius
573 481 844 532 Dionysianae,
859 481 919 520 M.
979 480 1044 519 Cf.
1063 483 1261 521 Irenoens
1279 479 1390 518 Uiuli
1410 480 1487 532 Ep.
1507 481 1678 534 Martyr.
1736 481 2014 522 Secundinns
2030 481 2216 532 Tambei,

289 556 336 598 In
362 561 623 601 NUMIDIA:
665 560 905 602 Salvianus
927 560 1172 609 Gauzafalae,
1206 560 1266 600 M.
1318 561 1454 601 Jacler
1483 560 1643 599 Midilae
1672 560 1718 599 C.
1749 564 1790 600 et
1819 560 1879 600 M.
1914 561 1982 610 qui
2007 559 2215 600 Christum

284 637 409 690 igitur
441 640 505 678 bis
538 640 750 690 consessus
780 644 854 679 est.
929 640 1115 680 Vei-ulus
1141 638 1391 687 Russicadae,
1435 638 1496 678 M.
1535 643 1652 678 antea
1690 639 1997 678 Schismaticus.
2057 640 2215 680 Clarus

287 716 499 767 Masculae,
521 718 567 757 C.
626 720 670 758 In
686 720 1046 760 MAURETANIA:
1077 720 1245 759 Paulus
1262 717 1391 756 Obbae
1412 730 1447 756 v.
1464 717 1618 756 Bobbae
1635 716 1680 756 C.
1720 709 1883 758 Lucius
1899 718 2148 757 Membresae
2167 716 2215 756 C.

466 797 604 837 Hosce
633 799 741 838 viros
760 799 934 847 maxime
954 801 1122 850 propter
1143 797 1408 836 constantiam
1427 800 1468 835 et
1482 797 1678 849 pietatem
1692 795 1813 835 Clero
1837 796 2062 848 adscriptos
2084 797 2214 836 fuisse

285 875 351 915 vix
374 880 436 915 est
451 877 633 924 dubium,
668 878 744 915 etsi
769 877 919 915 eruditi
938 876 1047 915 haud
1067 879 1217 923 essent,
1248 888 1325 914 nec
1343 875 1460 915 donis
1477 875 1654 914 docendi
1670 875 1910 921 eminerent.
1970 873 2214 923 Concilium,

285 956 350 994 cui
373 954 664 1002 interfuerunt,
692 954 929 1006 aCypriano
947 954 1130 992 habitum
1150 957 1212 992 est
1232 968 1338 992 anno
1357 955 1454 1002 266,
1482 954 1750 1005 Episcopatus
1765 965 1894 992 nono:
1925 952 2033 991 unde
2049 953 2213 1006 colligo,

280 1033 490 1085 plurimos,
521 1046 694 1084 qnorum
724 1034 887 1072 nomina
912 1031 1210 1080 recensuimus,
1239 1033 1282 1070 in
1307 1030 1429 1070 Clero
1456 1032 1598 1079 fuisse,
1628 1033 1692 1070 vel
1707 1032 2000 1083 Episeopatum
2024 1033 2213 1084 gessisse,

281 1115 496 1162 antequam
516 1112 649 1151 factus
680 1116 789 1150 esset
813 1111 967 1150 Afrieae
985 1109 1162 1158 Primas3
1192 1123 1263 1149 eos
1283 1111 1408 1162 igitur
1429 1110 1477 1149 ad
1497 1110 1566 1148 illa
1587 1113 1771 1161 tempora
1787 1111 2007 1161 pertinere,
2029 1123 2213 1161 (quorum

280 1190 494 1230 historiam
517 1190 705 1230 enarrare
730 1191 944 1243 adgressus
974 1202 1084 1229 sum:
1111 1189 1229 1228 valde
1258 1191 1394 1229 autem
1416 1189 1552 1237 doleo,
1584 1188 1635 1226 de
1652 1188 1702 1226 iis
1723 1191 1875 1239 praeter
1899 1189 2062 1228 nomina
2089 1194 2212 1241 atque

279 1269 472 1322 suffragia
502 1271 544 1309 in
579 1269 764 1309 Concilio
803 1270 882 1308 lata
926 1269 1030 1307 nihil
1075 1269 1284 1307 memoriae
1318 1268 1553 1307 mandatum
1594 1279 1698 1305 esse.
1770 1266 2016 1318 Cyprianum
2049 1280 2211 1320 quoque

279 1348 452 1388 eandem
481 1349 586 1388 hanc
615 1348 954 1388 consuetudinem
980 1346 1184 1399 Martyres
1217 1351 1259 1386 et
1289 1346 1559 1385 Consessores
1589 1346 1632 1384 in
1662 1344 1828 1384 clerum
1859 1346 2089 1396 evehendi,
2119 1360 2211 1399 quae

277 1428 504 1468 certissime
542 1441 616 1480 per
654 1431 782 1467 totam
832 1427 1047 1466 ecclesiam
1081 1425 1395 1474 observabatur,
1439 1424 1551 1464 haud
1589 1424 1842 1476 neglexisse,
1883 1423 2081 1476 Epistolae
2120 1426 2210 1479 ejus

276 1506 460 1559 pluribus
489 1508 533 1546 in
566 1507 668 1546 locis
698 1506 917 1546 declarant.

456 1585 523 1625 12.
580 1585 727 1625 Nullus
763 1585 940 1636 denique
968 1585 1100 1637 prisca
1129 1586 1199 1625 illa
1227 1588 1346 1624 aetate
1376 1584 1457 1624 fuit
1486 1585 1676 1633 vestitus,
1724 1597 1805 1635 quo
1839 1583 1991 1623 Clerici
2020 1597 2043 1624 a
2071 1584 2207 1625 Laicis

275 1663 634 1721 distinguerentur.
700 1664 852 1716 Itaque.
880 1677 958 1702 nec
999 1665 1043 1703 in
1071 1665 1213 1704 Africa
1258 1665 1502 1716 quaerendus
1537 1669 1612 1704 est.
1683 1663 1841 1702 Unicus
1880 1664 1949 1714 qui
1982 1663 2064 1702 huc
2100 1664 2208 1704 trahi

273 1747 415 1797 posset
454 1744 570 1783 locus
612 1743 762 1796 legitur
798 1743 905 1797 apud
948 1742 1250 1782 Tertullianum
1295 1742 1348 1781 de
1388 1744 1645 1795 monogamia
1685 1755 1720 1782 c.
1750 1742 1816 1781 12.
1875 1743 1980 1782 Cum
2019 1743 2080 1782 ad
2102 1757 2206 1798 per-

275 1824 567 1877 aequationem
597 1822 846 1876 disciplinae
874 1823 1163 1863 sacerdotalis
1190 1835 1487 1875 provocamur
1505 1851 1517 1869 ‚
1564 1823 1821 1875 deponimus
1860 1823 2098 1872 infulas-et
2127 1824 2206 1863 im-

268 1914 404 1956 pares
431 1915 595 1941 sumus.
648 1901 806 1951 Quibus
837 1900 972 1939 verbis
1003 1899 1136 1937 Infula
1168 1899 1291 1936 unice
1321 1902 1538 1950 usurpatur
1566 1899 1617 1937 ad
1650 1898 1959 1950 significandam
1986 1910 2205 1950 personam

272 1978 583 2029 sacerdotalem,
622 1980 800 2031 imagine
831 1993 854 2018 a
887 1978 1038 2018 vestitu
1067 1976 1325 2016 sacerdotum
1353 1977 1626 2016 Ethnicorum
1655 1979 1806 2029 petita:
1867 1977 2028 2028 Quippe
2056 1976 2204 2018 Infulae

268 2056 570 2110 Episcoporum
605 2059 859 2109 aliorumque
897 2056 1166 2096 Praelatorum
1201 2059 1295 2094 sunt
1324 2056 1446 2109 longe
1487 2057 1653 2095 serioris
1686 2057 1816 2095 aetatis
1828 2056 1877 2094 19.

453 2136 518 2174 13.
586 2136 647 2176 De
675 2136 816 2177 Laicis
855 2136 1106 2175 monendum
1141 2134 1343 2185 denique,
1385 2136 1541 2174 nullum
1575 2137 1730 2174 certum
1763 2134 1870 2186 apud
1903 2134 2202 2177 Tertullianum

269 2227 486 2255 occurrere
501 2215 650 2264 locum,
668 2214 779 2254 unde
797 2214 934 2266 colligi
947 2213 1088 2266 possit,
1103 2226 1197 2252 eum
1209 2212 1534 2254 catechumeno-s
1549 2215 1592 2253 in
1608 2214 1720 2262 duas,
1734 2213 1998 2252 Audientium
2011 2214 2201 2255 nimirum

268 2298 311 2334 et
327 2294 661 2343 Consistentium,
680 2294 913 2333 distinxisse
928 2293 1088 2341 classes,
1104 2292 1181 2330 nisi
1198 2271 1291 2331 illos
1309 2294 1561 2333 accedentes
1578 2290 1789 2346 adfidem,
1802 2291 1879 2330 hos
1897 2292 2200 2346 ingredientes

266 2376 314 2414 in
335 2374 473 2427 fidem
507 2371 583 2426 (de
620 2372 828 2411 Idololatr.
854 2383 889 2410 c.
908 2368 999 2423 24.)
1030 2372 1234 2423 appellet3
1281 2372 1388 2411 sicut
1419 2383 1582 2422 quoque
1613 2370 1664 2409 de
1693 2371 1937 2422 spectaculis
1968 2383 2002 2410 c.
2025 2372 2064 2412 1.
2091 2373 2200 2412 inter

269 2463 341 2492 eos
372 2452 442 2503 qui
467 2465 564 2491 cum
589 2451 777 2491 maxime
806 2450 865 2490 ad
884 2451 1028 2490 Deum
1053 2451 1277 2498 accedunt,
1312 2462 1463 2501 eosque
1494 2450 1563 2501 qui
1582 2450 1680 2502 jam
1715 2451 1946 2490 accessisse
1974 2453 2202 2505 testificati

267 2536 312 2572 et
337 2531 675 2582 confessisunt,
717 2528 944 2581 distinguit.
1003 2528 1160 2579 Quibus
1193 2528 1368 2567 fortasse
1399 2528 1532 2566 verbis
1565 2528 1734 2567 eosdem
1763 2528 1967 2581 intelligit,
1998 2541 2099 2581 quos
2127 2530 2197 2570 alii

266 2608 493 2650 Audientes
523 2606 666 2663 (quam
694 2610 831 2647 tamen
857 2618 1002 2646 vocem
1029 2606 1155 2646 habet
1177 2606 1229 2646 de
1245 2606 1477 2647 Poenitent.
1503 2620 1537 2646 c.
1554 2603 1617 2661 6.)
1642 2611 1684 2646 et
1699 2606 1979 2647 Consistentes
2000 2607 2195 2647 dixere20.

285 2773 321 2801 19
348 2773 553 2820 Bingham.
582 2774 631 2809 II.
659 2785 695 2819 p.
717 2773 803 2808 417.
1279 2772 1315 2802 ²⁰
1341 2774 1398 2807 Cf.
1424 2773 1544 2819 Epist.
1569 2773 1739 2809 Lincoln.
1757 2773 1899 2808 Eccles.
1924 2773 2025 2810 Hist.
2055 2785 2091 2820 p.
2111 2772 2193 2808 246.
