<?xml version="1.0" encoding="UTF-8"?>
<!DOCTYPE html PUBLIC "-//W3C//DTD XHTML 1.0 Transitional//EN"
    "http://www.w3.org/TR/xhtml1/DTD/xhtml1-transitional.dtd">
<html xmlns="http://www.w3.org/1999/xhtml" xml:lang="en" lang="en">
 <head>
  <title>
</title>
<meta http-equiv="Content-Type" content="text/html;charset=utf-8" />
  <meta name='ocr-system' content='tesseract 3.04.00' />
  <meta name='ocr-capabilities' content='ocr_page ocr_carea ocr_par ocr_line ocrx_word'/>
</head>
<body>
  <div class='ocr_page' id='page_1' title='image "./fredericimnter00mn_0163.png"; bbox 0 0 2341 3340; ppageno 0'>
   <div class='ocr_carea' id='block_1_1' title="bbox 1016 194 1110 238">
    <p class='ocr_par' dir='ltr' id='par_1_1' title="bbox 1016 194 1110 238">
     <span class='ocr_line' id='line_1_1' title="bbox 1016 194 1110 238; baseline 0 -1"><span class='ocrx_word' id='word_1_1' title='bbox 1016 194 1110 238; x_wconf 76' lang='lat'>151</span> 
     </span>
    </p>
   </div>
   <div class='ocr_carea' id='block_1_2' title="bbox 81 329 2049 1876">
    <p class='ocr_par' dir='ltr' id='par_1_2' title="bbox 81 329 2049 1876">
     <span class='ocr_line' id='line_1_2' title="bbox 111 329 2012 389; baseline 0.003 -15"><span class='ocrx_word' id='word_1_2' title='bbox 111 333 205 375; x_wconf 81' lang='lat' dir='ltr'>Afri</span> <span class='ocrx_word' id='word_1_3' title='bbox 232 334 424 374; x_wconf 82' lang='lat' dir='ltr'>fovebant</span> <span class='ocrx_word' id='word_1_4' title='bbox 459 334 510 374; x_wconf 90' lang='lat' dir='ltr'>de</span> <span class='ocrx_word' id='word_1_5' title='bbox 559 333 646 385; x_wconf 86' lang='lat' dir='ltr'>ipso</span> <span class='ocrx_word' id='word_1_6' title='bbox 686 331 975 370; x_wconf 62' lang='lat' dir='ltr'>haereticorum</span> <span class='ocrx_word' id='word_1_7' title='bbox 1017 329 1325 369; x_wconf 77' lang='lat' dir='ltr'>christianismo</span> <span class='ocrx_word' id='word_1_8' title='bbox 1342 332 1382 379; x_wconf 82' lang='lat'>²3</span> <span class='ocrx_word' id='word_1_9' title='bbox 1442 332 1624 385; x_wconf 81' lang='lat' dir='ltr'>inprimis</span> <span class='ocrx_word' id='word_1_10' title='bbox 1668 348 1789 387; x_wconf 88' lang='lat' dir='ltr'>quum</span> <span class='ocrx_word' id='word_1_11' title='bbox 1827 338 1914 389; x_wconf 87' lang='lat' dir='ltr'>illi,</span> <span class='ocrx_word' id='word_1_12' title='bbox 1956 338 2012 380; x_wconf 82' lang='lat' dir='ltr'>de</span> 
     </span>
     <span class='ocr_line' id='line_1_3' title="bbox 113 409 2010 465; baseline 0.003 -13"><span class='ocrx_word' id='word_1_13' title='bbox 113 426 281 465; x_wconf 90' lang='lat' dir='ltr'>quorum</span> <span class='ocrx_word' id='word_1_14' title='bbox 313 413 509 465; x_wconf 81' lang='lat' dir='ltr'>baptismo</span> <span class='ocrx_word' id='word_1_15' title='bbox 541 412 745 463; x_wconf 75' lang='lat' dir='ltr'><strong>agebatur,</strong></span> <span class='ocrx_word' id='word_1_16' title='bbox 781 409 995 448; x_wconf 83' lang='lat' dir='ltr'>maximam</span> <span class='ocrx_word' id='word_1_17' title='bbox 1022 412 1178 460; x_wconf 86' lang='lat' dir='ltr'>partem</span> <span class='ocrx_word' id='word_1_18' title='bbox 1209 413 1346 448; x_wconf 84' lang='lat' dir='ltr'>essent</span> <span class='ocrx_word' id='word_1_19' title='bbox 1374 409 1580 460; x_wconf 82' lang='lat' dir='ltr'>Gnostici,</span> <span class='ocrx_word' id='word_1_20' title='bbox 1629 415 1699 465; x_wconf 89' lang='lat' dir='ltr'>qui</span> <span class='ocrx_word' id='word_1_21' title='bbox 1736 427 1892 456; x_wconf 90' lang='lat' dir='ltr'>summo</span> <span class='ocrx_word' id='word_1_22' title='bbox 1922 418 2010 458; x_wconf 86' lang='lat' dir='ltr'>Deo</span> 
     </span>
     <span class='ocr_line' id='line_1_4' title="bbox 110 487 2012 548; baseline 0.003 -17"><span class='ocrx_word' id='word_1_23' title='bbox 110 493 358 531; x_wconf 84' lang='lat' dir='ltr'>creationem</span> <span class='ocrx_word' id='word_1_24' title='bbox 387 490 525 530; x_wconf 90' lang='lat' dir='ltr'>mundi</span> <span class='ocrx_word' id='word_1_25' title='bbox 554 489 660 528; x_wconf 89' lang='lat' dir='ltr'>haud</span> <span class='ocrx_word' id='word_1_26' title='bbox 692 489 941 535; x_wconf 80' lang='lat' dir='ltr'>tribuebant,</span> <span class='ocrx_word' id='word_1_27' title='bbox 979 487 1031 525; x_wconf 84' lang='lat' dir='ltr'>de</span> <span class='ocrx_word' id='word_1_28' title='bbox 1060 489 1302 527; x_wconf 77' lang='lat' dir='ltr'>necessitate</span> <span class='ocrx_word' id='word_1_29' title='bbox 1332 489 1456 548; x_wconf 73' lang='lat' dir='ltr'>ipsius</span> <span class='ocrx_word' id='word_1_30' title='bbox 1479 490 1665 540; x_wconf 84' lang='lat' dir='ltr'>baptismi</span> <span class='ocrx_word' id='word_1_31' title='bbox 1693 493 1821 533; x_wconf 88' lang='lat' dir='ltr'>varias</span> <span class='ocrx_word' id='word_1_32' title='bbox 1851 496 2012 537; x_wconf 85' lang='lat' dir='ltr'>alebant</span> 
     </span>
     <span class='ocr_line' id='line_1_5' title="bbox 111 566 2012 621; baseline -0.001 -12"><span class='ocrx_word' id='word_1_33' title='bbox 111 570 341 621; x_wconf 74' lang='lat' dir='ltr'>opiniones,</span> <span class='ocrx_word' id='word_1_34' title='bbox 378 570 502 618; x_wconf 90' lang='lat' dir='ltr'>inque</span> <span class='ocrx_word' id='word_1_35' title='bbox 534 580 582 606; x_wconf 92' lang='lat' dir='ltr'>eo</span> <span class='ocrx_word' id='word_1_36' title='bbox 616 566 934 606; x_wconf 87' lang='lat' dir='ltr'>administrando</span> <span class='ocrx_word' id='word_1_37' title='bbox 972 567 1101 605; x_wconf 86' lang='lat' dir='ltr'>varios</span> <span class='ocrx_word' id='word_1_38' title='bbox 1140 566 1413 618; x_wconf 83' lang='lat' dir='ltr'>sequebantur</span> <span class='ocrx_word' id='word_1_39' title='bbox 1454 567 1591 606; x_wconf 80' lang='lat' dir='ltr'>ritus3.</span> <span class='ocrx_word' id='word_1_40' title='bbox 1648 569 1708 608; x_wconf 91' lang='lat' dir='ltr'>De</span> <span class='ocrx_word' id='word_1_41' title='bbox 1752 572 2012 614; x_wconf 77' lang='lat' dir='ltr'>Montanistis</span> 
     </span>
     <span class='ocr_line' id='line_1_6' title="bbox 110 645 2012 698; baseline 0.003 -12"><span class='ocrx_word' id='word_1_42' title='bbox 110 647 176 686; x_wconf 81' lang='lat' dir='ltr'>vix</span> <span class='ocrx_word' id='word_1_43' title='bbox 201 660 290 686; x_wconf 86' lang='lat' dir='ltr'>csse</span> <span class='ocrx_word' id='word_1_44' title='bbox 315 647 446 698; x_wconf 85' lang='lat' dir='ltr'>potuit</span> <span class='ocrx_word' id='word_1_45' title='bbox 474 647 662 698; x_wconf 83' lang='lat' dir='ltr'>quaestio,</span> <span class='ocrx_word' id='word_1_46' title='bbox 699 647 767 696; x_wconf 91' lang='lat' dir='ltr'>qui</span> <span class='ocrx_word' id='word_1_47' title='bbox 798 647 841 684; x_wconf 88' lang='lat' dir='ltr'>in</span> <span class='ocrx_word' id='word_1_48' title='bbox 874 645 1129 697; x_wconf 78' lang='lat' dir='ltr'>dogmatibus</span> <span class='ocrx_word' id='word_1_49' title='bbox 1166 647 1370 697; x_wconf 84' lang='lat' dir='ltr'>sacrisque</span> <span class='ocrx_word' id='word_1_50' title='bbox 1404 646 1548 685; x_wconf 83' lang='lat' dir='ltr'>ritibus</span> <span class='ocrx_word' id='word_1_51' title='bbox 1580 649 1784 687; x_wconf 79' lang='lat' dir='ltr'>servandis</span> <span class='ocrx_word' id='word_1_52' title='bbox 1814 665 1836 690; x_wconf 90' lang='lat' dir='ltr'>a</span> <span class='ocrx_word' id='word_1_53' title='bbox 1862 651 2012 692; x_wconf 89' lang='lat' dir='ltr'>Catho-</span> 
     </span>
     <span class='ocr_line' id='line_1_7' title="bbox 81 703 2030 780; baseline 0.002 -17"><span class='ocrx_word' id='word_1_54' title='bbox 81 725 200 765; x_wconf 55' lang='lat' dir='ltr'>licis</span> <span class='ocrx_word' id='word_1_55' title='bbox 241 725 349 764; x_wconf 84' lang='lat' dir='ltr'>haud</span> <span class='ocrx_word' id='word_1_56' title='bbox 389 703 673 773; x_wconf 76' lang='lat' dir='ltr'>secesserunt,</span> <span class='ocrx_word' id='word_1_57' title='bbox 713 725 925 776; x_wconf 89' lang='lat' dir='ltr'>ipsumque</span> <span class='ocrx_word' id='word_1_58' title='bbox 965 724 1260 763; x_wconf 83' lang='lat' dir='ltr'>Tertullianum</span> <span class='ocrx_word' id='word_1_59' title='bbox 1300 725 1530 763; x_wconf 88' lang='lat' dir='ltr'>habuerunt</span> <span class='ocrx_word' id='word_1_60' title='bbox 1574 725 1844 766; x_wconf 85' lang='lat' dir='ltr'>defensorem.</span> <span class='ocrx_word' id='word_1_61' title='bbox 1910 730 2030 780; x_wconf 56' lang='lat' dir='ltr'>Quae‘</span> 
     </span>
     <span class='ocr_line' id='line_1_8' title="bbox 110 802 2010 857; baseline 0.003 -15"><span class='ocrx_word' id='word_1_62' title='bbox 110 808 245 843; x_wconf 82' lang='lat' dir='ltr'>autem</span> <span class='ocrx_word' id='word_1_63' title='bbox 285 803 411 842; x_wconf 84' lang='lat' dir='ltr'>fuerit</span> <span class='ocrx_word' id='word_1_64' title='bbox 447 803 687 842; x_wconf 85' lang='lat' dir='ltr'>Tertulliani</span> <span class='ocrx_word' id='word_1_65' title='bbox 722 803 773 841; x_wconf 91' lang='lat' dir='ltr'>de</span> <span class='ocrx_word' id='word_1_66' title='bbox 803 802 1000 853; x_wconf 90' lang='lat' dir='ltr'>baptismo</span> <span class='ocrx_word' id='word_1_67' title='bbox 1037 802 1326 841; x_wconf 79' lang='lat' dir='ltr'>haereticorum</span> <span class='ocrx_word' id='word_1_68' title='bbox 1363 804 1584 851; x_wconf 87' lang='lat' dir='ltr'>sententia,</span> <span class='ocrx_word' id='word_1_69' title='bbox 1629 804 1717 855; x_wconf 83' lang='lat' dir='ltr'>ipse</span> <span class='ocrx_word' id='word_1_70' title='bbox 1755 806 1937 857; x_wconf 88' lang='lat' dir='ltr'>pluribus</span> <span class='ocrx_word' id='word_1_71' title='bbox 1969 809 2010 848; x_wconf 89' lang='lat' dir='ltr'>in</span> 
     </span>
     <span class='ocr_line' id='line_1_9' title="bbox 109 880 2011 933; baseline 0.003 -11"><span class='ocrx_word' id='word_1_72' title='bbox 109 882 210 922; x_wconf 91' lang='lat' dir='ltr'>locis</span> <span class='ocrx_word' id='word_1_73' title='bbox 235 882 462 930; x_wconf 83' lang='lat' dir='ltr'>declaravit,</span> <span class='ocrx_word' id='word_1_74' title='bbox 494 895 517 920; x_wconf 90' lang='lat' dir='ltr'>e</span> <span class='ocrx_word' id='word_1_75' title='bbox 547 882 690 931; x_wconf 87' lang='lat' dir='ltr'>quibus</span> <span class='ocrx_word' id='word_1_76' title='bbox 719 880 799 919; x_wconf 90' lang='lat' dir='ltr'>duo</span> <span class='ocrx_word' id='word_1_77' title='bbox 827 880 989 919; x_wconf 82' lang='lat' dir='ltr'>adferre</span> <span class='ocrx_word' id='word_1_78' title='bbox 1020 880 1129 920; x_wconf 88' lang='lat' dir='ltr'>haud</span> <span class='ocrx_word' id='word_1_79' title='bbox 1159 882 1324 933; x_wconf 79' lang='lat' dir='ltr'>pigebit.</span> <span class='ocrx_word' id='word_1_80' title='bbox 1374 881 1435 920; x_wconf 90' lang='lat' dir='ltr'>De</span> <span class='ocrx_word' id='word_1_81' title='bbox 1461 882 1595 933; x_wconf 85' lang='lat' dir='ltr'>pudic.</span> <span class='ocrx_word' id='word_1_82' title='bbox 1626 895 1660 921; x_wconf 90' lang='lat' dir='ltr'>c.</span> <span class='ocrx_word' id='word_1_83' title='bbox 1686 883 1750 921; x_wconf 81' lang='lat'>19.</span> <span class='ocrx_word' id='word_1_84' title='bbox 1790 886 1872 925; x_wconf 81' lang='lat' dir='ltr'>Cui</span> <span class='ocrx_word' id='word_1_85' title='bbox 1897 889 2011 928; x_wconf 83' lang='lat' dir='ltr'>enim</span> 
     </span>
     <span class='ocr_line' id='line_1_10' title="bbox 110 960 2012 1015; baseline 0.003 -14"><span class='ocrx_word' id='word_1_86' title='bbox 110 961 285 1002; x_wconf 81' lang='lat' dir='ltr'>dubium</span> <span class='ocrx_word' id='word_1_87' title='bbox 312 968 397 1007; x_wconf 82' lang='lat' dir='ltr'>est,</span> <span class='ocrx_word' id='word_1_88' title='bbox 430 962 679 1000; x_wconf 62' lang='lat' dir='ltr'>haereticum</span> <span class='ocrx_word' id='word_1_89' title='bbox 719 962 994 1000; x_wconf 81' lang='lat' dir='ltr'>institutione</span> <span class='ocrx_word' id='word_1_90' title='bbox 1032 960 1279 1013; x_wconf 82' lang='lat' dir='ltr'>deceptum,</span> <span class='ocrx_word' id='word_1_91' title='bbox 1321 963 1494 1013; x_wconf 78' lang='lat' dir='ltr'>cognito</span> <span class='ocrx_word' id='word_1_92' title='bbox 1532 963 1804 1015; x_wconf 83' lang='lat' dir='ltr'>postmodum</span> <span class='ocrx_word' id='word_1_93' title='bbox 1835 978 1939 1006; x_wconf 86' lang='lat' dir='ltr'>casu</span> <span class='ocrx_word' id='word_1_94' title='bbox 1968 973 2012 1008; x_wconf 83' lang='lat' dir='ltr'>et</span> 
     </span>
     <span class='ocr_line' id='line_1_11' title="bbox 106 1039 2009 1094; baseline 0.004 -14"><span class='ocrx_word' id='word_1_95' title='bbox 106 1041 382 1094; x_wconf 74' lang='lat' dir='ltr'>poenitentia</span> <span class='ocrx_word' id='word_1_96' title='bbox 411 1040 617 1092; x_wconf 69' lang='lat' dir='ltr'>expiato,</span> <span class='ocrx_word' id='word_1_97' title='bbox 656 1044 700 1078; x_wconf 83' lang='lat' dir='ltr'>et</span> <span class='ocrx_word' id='word_1_98' title='bbox 730 1040 901 1078; x_wconf 73' lang='lat' dir='ltr'>veniam</span> <span class='ocrx_word' id='word_1_99' title='bbox 930 1039 1133 1091; x_wconf 77' lang='lat' dir='ltr'>consequi</span> <span class='ocrx_word' id='word_1_100' title='bbox 1157 1044 1199 1077; x_wconf 83' lang='lat' dir='ltr'>et</span> <span class='ocrx_word' id='word_1_101' title='bbox 1237 1040 1283 1078; x_wconf 79' lang='lat' dir='ltr'>in</span> <span class='ocrx_word' id='word_1_102' title='bbox 1322 1041 1542 1080; x_wconf 84' lang='lat' dir='ltr'>ecclesiam</span> <span class='ocrx_word' id='word_1_103' title='bbox 1578 1041 1755 1094; x_wconf 78' lang='lat' dir='ltr'>redigi?</span> <span class='ocrx_word' id='word_1_104' title='bbox 1814 1043 1936 1085; x_wconf 84' lang='lat' dir='ltr'>Unde</span> <span class='ocrx_word' id='word_1_105' title='bbox 1966 1053 2009 1087; x_wconf 85' lang='lat' dir='ltr'>et</span> 
     </span>
     <span class='ocr_line' id='line_1_12' title="bbox 111 1117 2011 1179; baseline 0.004 -21"><span class='ocrx_word' id='word_1_106' title='bbox 111 1118 229 1172; x_wconf 81' lang='lat' dir='ltr'>apud</span> <span class='ocrx_word' id='word_1_107' title='bbox 266 1130 345 1158; x_wconf 73' lang='lat' dir='ltr'>nos</span> <span class='ocrx_word' id='word_1_108' title='bbox 383 1124 433 1158; x_wconf 81' lang='lat' dir='ltr'>ut</span> <span class='ocrx_word' id='word_1_109' title='bbox 470 1119 639 1158; x_wconf 80' lang='lat' dir='ltr'>ethnico</span> <span class='ocrx_word' id='word_1_110' title='bbox 676 1131 788 1171; x_wconf 80' lang='lat' dir='ltr'>par,</span> <span class='ocrx_word' id='word_1_111' title='bbox 832 1119 959 1156; x_wconf 80' lang='lat' dir='ltr'>immo</span> <span class='ocrx_word' id='word_1_112' title='bbox 995 1123 1040 1156; x_wconf 80' lang='lat' dir='ltr'>et</span> <span class='ocrx_word' id='word_1_113' title='bbox 1070 1130 1200 1170; x_wconf 80' lang='lat' dir='ltr'>super</span> <span class='ocrx_word' id='word_1_114' title='bbox 1234 1117 1468 1165; x_wconf 72' lang='lat' dir='ltr'>ethnicam,</span> <span class='ocrx_word' id='word_1_115' title='bbox 1507 1119 1736 1159; x_wconf 79' lang='lat' dir='ltr'>haereticus</span> <span class='ocrx_word' id='word_1_116' title='bbox 1770 1124 1899 1163; x_wconf 81' lang='lat' dir='ltr'>etiam</span> <span class='ocrx_word' id='word_1_117' title='bbox 1927 1139 2011 1179; x_wconf 83' lang='lat' dir='ltr'>per</span> 
     </span>
     <span class='ocr_line' id='line_1_13' title="bbox 109 1195 2011 1249; baseline 0.004 -14"><span class='ocrx_word' id='word_1_118' title='bbox 109 1196 320 1249; x_wconf 80' lang='lat' dir='ltr'>baptisma</span> <span class='ocrx_word' id='word_1_119' title='bbox 353 1198 554 1236; x_wconf 81' lang='lat' dir='ltr'>veritatis</span> <span class='ocrx_word' id='word_1_120' title='bbox 588 1202 770 1249; x_wconf 74' lang='lat' dir='ltr'>utroque</span> <span class='ocrx_word' id='word_1_121' title='bbox 802 1197 976 1235; x_wconf 79' lang='lat' dir='ltr'>nomine</span> <span class='ocrx_word' id='word_1_122' title='bbox 1004 1201 1227 1249; x_wconf 80' lang='lat' dir='ltr'>purgatus</span> <span class='ocrx_word' id='word_1_123' title='bbox 1256 1196 1516 1235; x_wconf 76' lang='lat' dir='ltr'>admittitur.</span> <span class='ocrx_word' id='word_1_124' title='bbox 1578 1195 1646 1234; x_wconf 88' lang='lat' dir='ltr'>Sic</span> <span class='ocrx_word' id='word_1_125' title='bbox 1681 1209 1843 1249; x_wconf 89' lang='lat' dir='ltr'>quoque</span> <span class='ocrx_word' id='word_1_126' title='bbox 1880 1214 1915 1239; x_wconf 84' lang='lat' dir='ltr'>c.</span> <span class='ocrx_word' id='word_1_127' title='bbox 1945 1202 2011 1242; x_wconf 84' lang='lat'>15.</span> 
     </span>
     <span class='ocr_line' id='line_1_14' title="bbox 108 1273 2012 1326; baseline 0.004 -13"><span class='ocrx_word' id='word_1_128' title='bbox 108 1273 203 1313; x_wconf 86' lang='lat' dir='ltr'>libri</span> <span class='ocrx_word' id='word_1_129' title='bbox 233 1273 284 1312; x_wconf 87' lang='lat' dir='ltr'>de</span> <span class='ocrx_word' id='word_1_130' title='bbox 302 1274 501 1326; x_wconf 85' lang='lat' dir='ltr'>baptismo</span> <span class='ocrx_word' id='word_1_131' title='bbox 520 1274 607 1313; x_wconf 90' lang='lat' dir='ltr'>adv.</span> <span class='ocrx_word' id='word_1_132' title='bbox 625 1274 859 1325; x_wconf 78' lang='lat' dir='ltr'>Quintillam</span> <span class='ocrx_word' id='word_1_133' title='bbox 888 1273 1029 1311; x_wconf 81' lang='lat' dir='ltr'>docet:</span> <span class='ocrx_word' id='word_1_134' title='bbox 1072 1273 1190 1312; x_wconf 83' lang='lat' dir='ltr'>Unus</span> <span class='ocrx_word' id='word_1_135' title='bbox 1213 1275 1386 1312; x_wconf 77' lang='lat' dir='ltr'>omnino</span> <span class='ocrx_word' id='word_1_136' title='bbox 1415 1274 1650 1326; x_wconf 79' lang='lat' dir='ltr'>baptismus</span> <span class='ocrx_word' id='word_1_137' title='bbox 1678 1282 1741 1315; x_wconf 78' lang='lat' dir='ltr'>est</span> <span class='ocrx_word' id='word_1_138' title='bbox 1771 1278 1890 1318; x_wconf 73' lang='lat' dir='ltr'>nobis</span> <span class='ocrx_word' id='word_1_139' title='bbox 1922 1286 2012 1322; x_wconf 82' lang='lat' dir='ltr'>tam</span> 
     </span>
     <span class='ocr_line' id='line_1_15' title="bbox 112 1352 2012 1406; baseline 0.003 -14"><span class='ocrx_word' id='word_1_140' title='bbox 112 1366 165 1393; x_wconf 71' lang='lat' dir='ltr'>ea·</span> <span class='ocrx_word' id='word_1_141' title='bbox 193 1354 375 1393; x_wconf 82' lang='lat' dir='ltr'>Domini</span> <span class='ocrx_word' id='word_1_142' title='bbox 401 1354 648 1406; x_wconf 78' lang='lat' dir='ltr'>Evangelio</span> <span class='ocrx_word' id='word_1_143' title='bbox 690 1365 818 1405; x_wconf 88' lang='lat' dir='ltr'>quam</span> <span class='ocrx_word' id='word_1_144' title='bbox 863 1364 917 1390; x_wconf 71' lang='lat' dir='ltr'>es:</span> <span class='ocrx_word' id='word_1_145' title='bbox 958 1352 1163 1404; x_wconf 79' lang='lat' dir='ltr'>Apostoli</span> <span class='ocrx_word' id='word_1_146' title='bbox 1189 1353 1376 1400; x_wconf 73' lang='lat' dir='ltr'>litteris,</span> <span class='ocrx_word' id='word_1_147' title='bbox 1415 1355 1615 1406; x_wconf 79' lang='lat' dir='ltr'>quoniam</span> <span class='ocrx_word' id='word_1_148' title='bbox 1657 1368 1768 1394; x_wconf 79' lang='lat' dir='ltr'>unus</span> <span class='ocrx_word' id='word_1_149' title='bbox 1797 1357 2012 1399; x_wconf 72' lang='lat' dir='ltr'>Dominus</span> 
     </span>
     <span class='ocr_line' id='line_1_16' title="bbox 111 1430 2011 1485; baseline 0.003 -14"><span class='ocrx_word' id='word_1_150' title='bbox 111 1437 154 1472; x_wconf 78' lang='lat' dir='ltr'>et</span> <span class='ocrx_word' id='word_1_151' title='bbox 189 1445 303 1470; x_wconf 80' lang='lat' dir='ltr'>unus</span> <span class='ocrx_word' id='word_1_152' title='bbox 333 1431 571 1485; x_wconf 82' lang='lat' dir='ltr'>baptismus</span> <span class='ocrx_word' id='word_1_153' title='bbox 611 1437 655 1471; x_wconf 79' lang='lat' dir='ltr'>et</span> <span class='ocrx_word' id='word_1_154' title='bbox 692 1444 780 1470; x_wconf 82' lang='lat' dir='ltr'>una</span> <span class='ocrx_word' id='word_1_155' title='bbox 814 1430 992 1470; x_wconf 85' lang='lat' dir='ltr'>ecclesia</span> <span class='ocrx_word' id='word_1_156' title='bbox 1029 1430 1075 1468; x_wconf 78' lang='lat' dir='ltr'>in</span> <span class='ocrx_word' id='word_1_157' title='bbox 1110 1431 1239 1470; x_wconf 83' lang='lat' dir='ltr'>coelis</span> <span class='ocrx_word' id='word_1_158' title='bbox 1264 1459 1360 1471; x_wconf 90' lang='grc'><strong>.....</strong></span> <span class='ocrx_word' id='word_1_159' title='bbox 1423 1431 1640 1472; x_wconf 79' lang='lat' dir='ltr'>Hoerecz‘ci</span> <span class='ocrx_word' id='word_1_160' title='bbox 1670 1440 1813 1473; x_wconf 82' lang='lat' dir='ltr'>autem</span> <span class='ocrx_word' id='word_1_161' title='bbox 1845 1438 2011 1478; x_wconf 75' lang='lat' dir='ltr'>nullum</span> 
     </span>
     <span class='ocr_line' id='line_1_17' title="bbox 112 1509 2011 1570; baseline 0.003 -21"><span class='ocrx_word' id='word_1_162' title='bbox 112 1511 376 1550; x_wconf 79' lang='lat' dir='ltr'>consortium</span> <span class='ocrx_word' id='word_1_163' title='bbox 408 1510 565 1549; x_wconf 80' lang='lat' dir='ltr'>habent</span> <span class='ocrx_word' id='word_1_164' title='bbox 601 1514 766 1549; x_wconf 77' lang='lat' dir='ltr'>nostroe</span> <span class='ocrx_word' id='word_1_165' title='bbox 795 1509 1060 1561; x_wconf 67' lang='lat' dir='ltr'>disciplinae,</span> <span class='ocrx_word' id='word_1_166' title='bbox 1101 1521 1202 1560; x_wconf 83' lang='lat' dir='ltr'>quos</span> <span class='ocrx_word' id='word_1_167' title='bbox 1242 1515 1476 1549; x_wconf 71' lang='lat' dir='ltr'>extraneos</span> <span class='ocrx_word' id='word_1_168' title='bbox 1504 1513 1650 1564; x_wconf 80' lang='lat' dir='ltr'>utique</span> <span class='ocrx_word' id='word_1_169' title='bbox 1685 1518 1879 1554; x_wconf 81' lang='lat' dir='ltr'>testatur</span> <span class='ocrx_word' id='word_1_170' title='bbox 1915 1517 2011 1570; x_wconf 82' lang='lat' dir='ltr'>ipsa</span> 
     </span>
     <span class='ocr_line' id='line_1_18' title="bbox 111 1588 2049 1643; baseline 0.004 -15"><span class='ocrx_word' id='word_1_171' title='bbox 111 1588 297 1629; x_wconf 83' lang='lat' dir='ltr'>ademtio</span> <span class='ocrx_word' id='word_1_172' title='bbox 336 1588 579 1641; x_wconf 67' lang='lat' dir='ltr'>disciplinae</span> <span class='ocrx_word' id='word_1_173' title='bbox 597 1617 748 1628; x_wconf 90' lang='grc'><strong>......</strong></span> <span class='ocrx_word' id='word_1_174' title='bbox 816 1588 996 1642; x_wconf 81' lang='lat' dir='ltr'>Ideoque</span> <span class='ocrx_word' id='word_1_175' title='bbox 1046 1602 1126 1628; x_wconf 79' lang='lat' dir='ltr'>nec</span> <span class='ocrx_word' id='word_1_176' title='bbox 1160 1588 1395 1641; x_wconf 81' lang='lat' dir='ltr'>baptismus</span> <span class='ocrx_word' id='word_1_177' title='bbox 1438 1602 1577 1636; x_wconf 82' lang='lat' dir='ltr'>unus,</span> <span class='ocrx_word' id='word_1_178' title='bbox 1624 1591 1721 1643; x_wconf 80' lang='lat' dir='ltr'>quia</span> <span class='ocrx_word' id='word_1_179' title='bbox 1762 1604 1849 1632; x_wconf 79' lang='lat' dir='ltr'>non</span> <span class='ocrx_word' id='word_1_180' title='bbox 1885 1593 2049 1636; x_wconf 45' lang='lat' dir='ltr'>Memfi</span> 
     </span>
     <span class='ocr_line' id='line_1_19' title="bbox 113 1667 2016 1722; baseline 0.005 -17"><span class='ocrx_word' id='word_1_181' title='bbox 113 1668 247 1717; x_wconf 73' lang='lat' dir='ltr'>Quam</span> <span class='ocrx_word' id='word_1_182' title='bbox 279 1680 402 1719; x_wconf 85' lang='lat' dir='ltr'>quum</span> <span class='ocrx_word' id='word_1_183' title='bbox 431 1667 517 1706; x_wconf 80' lang='lat' dir='ltr'>rite</span> <span class='ocrx_word' id='word_1_184' title='bbox 549 1680 636 1705; x_wconf 77' lang='lat' dir='ltr'>non</span> <span class='ocrx_word' id='word_1_185' title='bbox 666 1667 879 1713; x_wconf 76' lang='lat' dir='ltr'>habeant,</span> <span class='ocrx_word' id='word_1_186' title='bbox 919 1669 1014 1706; x_wconf 81' lang='lat' dir='ltr'>sine</span> <span class='ocrx_word' id='word_1_187' title='bbox 1043 1667 1169 1706; x_wconf 85' lang='lat' dir='ltr'>dubio</span> <span class='ocrx_word' id='word_1_188' title='bbox 1201 1679 1289 1706; x_wconf 75' lang='lat' dir='ltr'>non</span> <span class='ocrx_word' id='word_1_189' title='bbox 1321 1668 1491 1713; x_wconf 77' lang='lat' dir='ltr'>habent,</span> <span class='ocrx_word' id='word_1_190' title='bbox 1532 1681 1611 1706; x_wconf 84' lang='lat' dir='ltr'>nec</span> <span class='ocrx_word' id='word_1_191' title='bbox 1640 1671 1758 1722; x_wconf 78' lang='lat' dir='ltr'>capit</span> <span class='ocrx_word' id='word_1_192' title='bbox 1788 1676 2016 1714; x_wconf 72' lang='lat' dir='ltr'>numerari</span> 
     </span>
     <span class='ocr_line' id='line_1_20' title="bbox 110 1744 2012 1800; baseline 0.003 -17"><span class='ocrx_word' id='word_1_193' title='bbox 110 1744 221 1798; x_wconf 79' lang='lat' dir='ltr'>quod</span> <span class='ocrx_word' id='word_1_194' title='bbox 251 1757 338 1784; x_wconf 80' lang='lat' dir='ltr'>non</span> <span class='ocrx_word' id='word_1_195' title='bbox 368 1744 578 1783; x_wconf 77' lang='lat' dir='ltr'>habetur.-</span> <span class='ocrx_word' id='word_1_196' title='bbox 622 1745 685 1784; x_wconf 81' lang='lat' dir='ltr'>ita</span> <span class='ocrx_word' id='word_1_197' title='bbox 716 1758 794 1784; x_wconf 82' lang='lat' dir='ltr'>nec</span> <span class='ocrx_word' id='word_1_198' title='bbox 823 1751 1004 1798; x_wconf 81' lang='lat' dir='ltr'>possunt</span> <span class='ocrx_word' id='word_1_199' title='bbox 1034 1746 1242 1798; x_wconf 81' lang='lat' dir='ltr'>accipere,</span> <span class='ocrx_word' id='word_1_200' title='bbox 1279 1746 1380 1798; x_wconf 84' lang='lat' dir='ltr'>quia</span> <span class='ocrx_word' id='word_1_201' title='bbox 1408 1758 1495 1785; x_wconf 78' lang='lat' dir='ltr'>non</span> <span class='ocrx_word' id='word_1_202' title='bbox 1526 1747 1724 1787; x_wconf 63' lang='lat' dir='ltr'>kabenffi.</span> <span class='ocrx_word' id='word_1_203' title='bbox 1784 1748 2012 1800; x_wconf 80' lang='lat' dir='ltr'>Baptismus</span> 
     </span>
     <span class='ocr_line' id='line_1_21' title="bbox 111 1821 2012 1876; baseline 0.005 -17"><span class='ocrx_word' id='word_1_204' title='bbox 111 1822 234 1873; x_wconf 78' lang='lat' dir='ltr'>igitur</span> <span class='ocrx_word' id='word_1_205' title='bbox 272 1821 558 1860; x_wconf 82' lang='lat' dir='ltr'>haereticorum</span> <span class='ocrx_word' id='word_1_206' title='bbox 594 1834 716 1872; x_wconf 89' lang='lat' dir='ltr'>quum</span> <span class='ocrx_word' id='word_1_207' title='bbox 762 1823 895 1860; x_wconf 88' lang='lat' dir='ltr'>nullus</span> <span class='ocrx_word' id='word_1_208' title='bbox 940 1827 1078 1870; x_wconf 87' lang='lat' dir='ltr'>esset,</span> <span class='ocrx_word' id='word_1_209' title='bbox 1134 1823 1164 1860; x_wconf 89' lang='lat' dir='ltr'>ii</span> <span class='ocrx_word' id='word_1_210' title='bbox 1209 1823 1277 1873; x_wconf 91' lang='lat' dir='ltr'>qui</span> <span class='ocrx_word' id='word_1_211' title='bbox 1317 1823 1367 1861; x_wconf 88' lang='lat' dir='ltr'>ad</span> <span class='ocrx_word' id='word_1_212' title='bbox 1408 1824 1622 1862; x_wconf 79' lang='lat' dir='ltr'>ecclesiam</span> <span class='ocrx_word' id='word_1_213' title='bbox 1660 1827 1909 1876; x_wconf 82' lang='lat' dir='ltr'>transibant,</span> <span class='ocrx_word' id='word_1_214' title='bbox 1962 1842 2012 1868; x_wconf 83' lang='lat' dir='ltr'>ex</span> 
     </span>
    </p>
   </div>
   <div class='ocr_carea' id='block_1_3' title="bbox 113 1898 2012 1957">
    <p class='ocr_par' dir='ltr' id='par_1_3' title="bbox 113 1898 2012 1957">
     <span class='ocr_line' id='line_1_22' title="bbox 113 1898 2012 1957; baseline 0.004 -18"><span class='ocrx_word' id='word_1_215' title='bbox 113 1899 295 1939; x_wconf 83' lang='lat' dir='ltr'>doctrina</span> <span class='ocrx_word' id='word_1_216' title='bbox 338 1898 538 1938; x_wconf 82' lang='lat' dir='ltr'>Ecclesiae</span> <span class='ocrx_word' id='word_1_217' title='bbox 581 1899 786 1938; x_wconf 78' lang='lat' dir='ltr'>Africanae</span> <span class='ocrx_word' id='word_1_218' title='bbox 828 1913 910 1939; x_wconf 91' lang='lat' dir='ltr'>non</span> <span class='ocrx_word' id='word_1_219' title='bbox 956 1900 1339 1954; x_wconf 74' lang='lat' dir='ltr'>rebaptizabuntur</span> <span class='ocrx_word' id='word_1_220' title='bbox 1393 1900 1466 1939; x_wconf 89' lang='lat' dir='ltr'>sed</span> <span class='ocrx_word' id='word_1_221' title='bbox 1504 1902 1863 1955; x_wconf 65' lang='lat' dir='ltr'>baptizabantur,</span> <span class='ocrx_word' id='word_1_222' title='bbox 1921 1919 2012 1957; x_wconf 78' lang='lat' dir='ltr'>quae</span> 
     </span>
    </p>
   </div>
   <div class='ocr_carea' id='block_1_4' title="bbox 113 2014 2015 2030">
    <p class='ocr_par' dir='ltr' id='par_1_4' title="bbox 113 2014 2015 2030">
     <span class='ocr_line' id='line_1_23' title="bbox 113 2014 2015 2030; baseline 0 1310"><span class='ocrx_word' id='word_1_223' title='bbox 113 2014 2015 2030; x_wconf 95' lang='lat' dir='ltr'> </span> 
     </span>
    </p>
   </div>
   <div class='ocr_carea' id='block_1_5' title="bbox 159 2082 2010 2137">
    <p class='ocr_par' dir='ltr' id='par_1_5' title="bbox 159 2082 2010 2137">
     <span class='ocr_line' id='line_1_24' title="bbox 159 2082 2010 2137; baseline 0.005 -21"><span class='ocrx_word' id='word_1_224' title='bbox 159 2082 179 2112; x_wconf 80' lang='lat'><strong>2</strong></span> <span class='ocrx_word' id='word_1_225' title='bbox 203 2083 363 2117; x_wconf 86' lang='lat' dir='ltr'>Tcrtull.</span> <span class='ocrx_word' id='word_1_226' title='bbox 379 2082 423 2117; x_wconf 81' lang='lat' dir='ltr'>de</span> <span class='ocrx_word' id='word_1_227' title='bbox 435 2085 622 2128; x_wconf 83' lang='lat' dir='ltr'>baptismo</span> <span class='ocrx_word' id='word_1_228' title='bbox 637 2097 666 2119; x_wconf 90' lang='lat' dir='ltr'>c.</span> <span class='ocrx_word' id='word_1_229' title='bbox 680 2085 735 2119; x_wconf 88' lang='grc'>15.</span> <span class='ocrx_word' id='word_1_230' title='bbox 766 2087 851 2120; x_wconf 88' lang='lat' dir='ltr'>Cum</span> <span class='ocrx_word' id='word_1_231' title='bbox 862 2087 1040 2131; x_wconf 80' lang='lat' dir='ltr'>baptisma</span> <span class='ocrx_word' id='word_1_232' title='bbox 1181 2086 1375 2132; x_wconf 84' lang='lat' dir='ltr'>episcopus</span> <span class='ocrx_word' id='word_1_233' title='bbox 1395 2089 1457 2121; x_wconf 86' lang='lat' dir='ltr'>vel</span> <span class='ocrx_word' id='word_1_234' title='bbox 1482 2090 1692 2133; x_wconf 81' lang='lat' dir='ltr'>presbyter,</span> <span class='ocrx_word' id='word_1_235' title='bbox 1722 2089 1788 2133; x_wconf 89' lang='lat' dir='ltr'>qui</span> <span class='ocrx_word' id='word_1_236' title='bbox 1809 2091 1856 2124; x_wconf 83' lang='lat' dir='ltr'>ab</span> <span class='ocrx_word' id='word_1_237' title='bbox 1883 2091 2010 2137; x_wconf 80' lang='lat' dir='ltr'>impiis</span> 
     </span>
    </p>
   </div>
   <div class='ocr_carea' id='block_1_6' title="bbox 205 2153 1041 2404">
    <p class='ocr_par' dir='ltr' id='par_1_6' title="bbox 205 2153 1041 2404">
     <span class='ocr_line' id='line_1_25' title="bbox 208 2153 1037 2194; baseline 0.006 -8"><span class='ocrx_word' id='word_1_238' title='bbox 208 2153 278 2187; x_wconf 73' lang='lat' dir='ltr'>rite</span> <span class='ocrx_word' id='word_1_239' title='bbox 304 2165 374 2186; x_wconf 83' lang='lat' dir='ltr'>non</span> <span class='ocrx_word' id='word_1_240' title='bbox 405 2154 585 2194; x_wconf 78' lang='lat' dir='ltr'>habeant,</span> <span class='ocrx_word' id='word_1_241' title='bbox 625 2155 761 2187; x_wconf 81' lang='lat' dir='ltr'>omnino</span> <span class='ocrx_word' id='word_1_242' title='bbox 795 2168 864 2188; x_wconf 84' lang='grc' dir='ltr'>ηοη</span> <span class='ocrx_word' id='word_1_243' title='bbox 893 2157 1037 2191; x_wconf 74' lang='lat' dir='ltr'>habent.</span> 
     </span>
     <span class='ocr_line' id='line_1_26' title="bbox 208 2222 1040 2267; baseline 0.006 -12"><span class='ocrx_word' id='word_1_244' title='bbox 208 2227 244 2256; x_wconf 58' lang='grc' dir='ltr'>Ὗ.</span> <span class='ocrx_word' id='word_1_245' title='bbox 268 2234 297 2256; x_wconf 90' lang='lat' dir='ltr'>c.</span> <span class='ocrx_word' id='word_1_246' title='bbox 328 2226 364 2256; x_wconf 84' lang='lat' dir='ltr'>ct</span> <span class='ocrx_word' id='word_1_247' title='bbox 397 2222 516 2256; x_wconf 85' lang='lat' dir='ltr'>illud:</span> <span class='ocrx_word' id='word_1_248' title='bbox 568 2223 630 2267; x_wconf 79' lang='lat' dir='ltr'>qm·</span> <span class='ocrx_word' id='word_1_249' title='bbox 656 2224 766 2257; x_wconf 83' lang='lat' dir='ltr'>Deum</span> <span class='ocrx_word' id='word_1_250' title='bbox 800 2225 900 2258; x_wconf 77' lang='lat' dir='ltr'>haud</span> <span class='ocrx_word' id='word_1_251' title='bbox 931 2226 1040 2261; x_wconf 81' lang='lat' dir='ltr'>habet</span> 
     </span>
     <span class='ocr_line' id='line_1_27' title="bbox 205 2293 1038 2336; baseline 0.006 -12"><span class='ocrx_word' id='word_1_252' title='bbox 205 2295 368 2336; x_wconf 79' lang='lat' dir='ltr'>patrem,</span> <span class='ocrx_word' id='word_1_253' title='bbox 411 2303 476 2325; x_wconf 77' lang='lat' dir='ltr'>nec</span> <span class='ocrx_word' id='word_1_254' title='bbox 508 2293 693 2326; x_wconf 83' lang='lat' dir='ltr'>ecclesiam</span> <span class='ocrx_word' id='word_1_255' title='bbox 730 2293 839 2327; x_wconf 76' lang='lat' dir='ltr'>habet</span> <span class='ocrx_word' id='word_1_256' title='bbox 876 2299 1038 2330; x_wconf 82' lang='lat' dir='ltr'>matrem.</span> 
     </span>
     <span class='ocr_line' id='line_1_28' title="bbox 207 2360 1041 2404; baseline 0.005 -10"><span class='ocrx_word' id='word_1_257' title='bbox 207 2360 336 2404; x_wconf 85' lang='lat' dir='ltr'>Neque</span> <span class='ocrx_word' id='word_1_258' title='bbox 372 2360 446 2394; x_wconf 83' lang='lat' dir='ltr'>alia</span> <span class='ocrx_word' id='word_1_259' title='bbox 479 2361 654 2395; x_wconf 72' lang='lat' dir='ltr'>Ecclesia:</span> <span class='ocrx_word' id='word_1_260' title='bbox 688 2362 891 2397; x_wconf 81' lang='lat' dir='ltr'>orientalis</span> <span class='ocrx_word' id='word_1_261' title='bbox 923 2364 1041 2399; x_wconf 81' lang='lat' dir='ltr'>fuisse</span> 
     </span>
    </p>
   </div>
   <div class='ocr_carea' id='block_1_7' title="bbox 209 2429 1043 2469">
    <p class='ocr_par' dir='ltr' id='par_1_7' title="bbox 209 2429 1043 2469">
     <span class='ocr_line' id='line_1_29' title="bbox 209 2429 1043 2469; baseline 0.004 -4"><span class='ocrx_word' id='word_1_262' title='bbox 209 2429 364 2465; x_wconf 69' lang='lat' dir='ltr'>videtur</span> <span class='ocrx_word' id='word_1_263' title='bbox 380 2430 569 2464; x_wconf 81' lang='lat' dir='ltr'>statuendi</span> <span class='ocrx_word' id='word_1_264' title='bbox 589 2431 697 2465; x_wconf 85' lang='lat' dir='ltr'>ratio.</span> <span class='ocrx_word' id='word_1_265' title='bbox 723 2433 918 2467; x_wconf 85' lang='lat' dir='ltr'>Habemus</span> <span class='ocrx_word' id='word_1_266' title='bbox 941 2434 1043 2469; x_wconf 86' lang='lat' dir='ltr'>enim</span> 
     </span>
    </p>
   </div>
   <div class='ocr_carea' id='block_1_8' title="bbox 1180 2156 2013 2410">
    <p class='ocr_par' dir='ltr' id='par_1_8' title="bbox 1180 2156 2013 2410">
     <span class='ocr_line' id='line_1_30' title="bbox 1180 2156 2009 2204; baseline 0.007 -14"><span class='ocrx_word' id='word_1_267' title='bbox 1180 2157 1366 2201; x_wconf 84' lang='lat' dir='ltr'>pollutum</span> <span class='ocrx_word' id='word_1_268' title='bbox 1399 2156 1438 2191; x_wconf 88' lang='lat' dir='ltr'>h.</span> <span class='ocrx_word' id='word_1_269' title='bbox 1469 2168 1500 2191; x_wconf 87' lang='lat' dir='ltr'>e.</span> <span class='ocrx_word' id='word_1_270' title='bbox 1531 2158 1579 2190; x_wconf 89' lang='lat' dir='ltr'>ab</span> <span class='ocrx_word' id='word_1_271' title='bbox 1611 2158 1798 2192; x_wconf 71' lang='lat' dir='ltr'>haereticis</span> <span class='ocrx_word' id='word_1_272' title='bbox 1836 2160 2009 2204; x_wconf 82' lang='lat' dir='ltr'>tinctum,</span> 
     </span>
     <span class='ocr_line' id='line_1_31' title="bbox 1180 2224 2010 2271; baseline 0.007 -11"><span class='ocrx_word' id='word_1_273' title='bbox 1180 2237 1253 2261; x_wconf 84' lang='lat' dir='ltr'>non</span> <span class='ocrx_word' id='word_1_274' title='bbox 1262 2224 1525 2270; x_wconf 84' lang='lat' dir='ltr'>baptizaverit,</span> <span class='ocrx_word' id='word_1_275' title='bbox 1547 2227 1775 2271; x_wconf 71' lang='lat' dir='ltr'>deponatur-3</span> <span class='ocrx_word' id='word_1_276' title='bbox 1801 2232 1838 2263; x_wconf 91' lang='lat' dir='ltr'>et</span> <span class='ocrx_word' id='word_1_277' title='bbox 1857 2241 1935 2264; x_wconf 84' lang='lat' dir='ltr'>can.</span> <span class='ocrx_word' id='word_1_278' title='bbox 1953 2230 2010 2267; x_wconf 84' lang='lat'>68.</span> 
     </span>
     <span class='ocr_line' id='line_1_32' title="bbox 1181 2294 2011 2344; baseline 0.005 -14"><span class='ocrx_word' id='word_1_279' title='bbox 1181 2308 1253 2340; x_wconf 88' lang='lat' dir='ltr'>quo</span> <span class='ocrx_word' id='word_1_280' title='bbox 1290 2294 1452 2337; x_wconf 82' lang='lat' dir='ltr'>dicitur,</span> <span class='ocrx_word' id='word_1_281' title='bbox 1497 2296 1559 2340; x_wconf 78' lang='lat' dir='ltr'>qni</span> <span class='ocrx_word' id='word_1_282' title='bbox 1600 2297 1644 2330; x_wconf 90' lang='lat' dir='ltr'>ab</span> <span class='ocrx_word' id='word_1_283' title='bbox 1683 2297 1858 2332; x_wconf 65' lang='lat' dir='ltr'>haereticis</span> <span class='ocrx_word' id='word_1_284' title='bbox 1892 2300 2011 2344; x_wconf 79' lang='lat' dir='ltr'>bapti-</span> 
     </span>
     <span class='ocr_line' id='line_1_33' title="bbox 1182 2366 2013 2410; baseline 0.007 -12"><span class='ocrx_word' id='word_1_285' title='bbox 1182 2370 1315 2399; x_wconf 76' lang='lat' dir='ltr'>zantur</span> <span class='ocrx_word' id='word_1_286' title='bbox 1345 2370 1411 2399; x_wconf 77' lang='lat' dir='ltr'>aut</span> <span class='ocrx_word' id='word_1_287' title='bbox 1449 2366 1682 2407; x_wconf 63' lang='lat' dir='ltr'>ordinantur,</span> <span class='ocrx_word' id='word_1_288' title='bbox 1725 2371 1767 2400; x_wconf 82' lang='lat' dir='ltr'>ut</span> <span class='ocrx_word' id='word_1_289' title='bbox 1787 2368 1921 2410; x_wconf 81' lang='lat' dir='ltr'>fideles</span> <span class='ocrx_word' id='word_1_290' title='bbox 1956 2370 2013 2404; x_wconf 84' lang='lat' dir='ltr'>vel</span> 
     </span>
    </p>
   </div>
   <div class='ocr_carea' id='block_1_9' title="bbox 1184 2435 1746 2481">
    <p class='ocr_par' dir='ltr' id='par_1_9' title="bbox 1184 2435 1746 2481">
     <span class='ocr_line' id='line_1_34' title="bbox 1184 2435 1746 2481; baseline 0 -12"><span class='ocrx_word' id='word_1_291' title='bbox 1184 2435 1307 2470; x_wconf 81' lang='lat' dir='ltr'>clerici</span> <span class='ocrx_word' id='word_1_292' title='bbox 1326 2436 1411 2476; x_wconf 77' lang='lat' dir='ltr'>sint,</span> <span class='ocrx_word' id='word_1_293' title='bbox 1432 2435 1522 2479; x_wconf 84' lang='lat' dir='ltr'>fieri</span> <span class='ocrx_word' id='word_1_294' title='bbox 1544 2447 1614 2470; x_wconf 84' lang='lat' dir='ltr'>non</span> <span class='ocrx_word' id='word_1_295' title='bbox 1633 2447 1746 2481; x_wconf 79' lang='lat' dir='ltr'>posse.</span> 
     </span>
    </p>
   </div>
   <div class='ocr_carea' id='block_1_10' title="bbox 209 2499 2013 2589">
    <p class='ocr_par' dir='ltr' id='par_1_10' title="bbox 209 2499 2013 2589">
     <span class='ocr_line' id='line_1_35' title="bbox 209 2499 2013 2589; baseline 0.005 -10"><span class='ocrx_word' id='word_1_296' title='bbox 209 2508 250 2533; x_wconf 73' lang='lat' dir='ltr'>m</span> <span class='ocrx_word' id='word_1_297' title='bbox 280 2499 513 2540; x_wconf 62' lang='lat' dir='ltr'>Cssnombus’</span> <span class='ocrx_word' id='word_1_298' title='bbox 548 2511 612 2543; x_wconf 71' lang='lat' dir='ltr'>qm</span> <span class='ocrx_word' id='word_1_299' title='bbox 635 2500 822 2544; x_wconf 60' lang='lat' dir='ltr'>Apomhm</span> <span class='ocrx_word' id='word_1_300' title='bbox 852 2503 1041 2546; x_wconf 44' lang='lat' dir='ltr'>dicuntur,</span> <span class='ocrx_word' id='word_1_301' title='bbox 1136 2551 1154 2579; x_wconf 79' lang='grc'>8</span> <span class='ocrx_word' id='word_1_302' title='bbox 1178 2550 1399 2584; x_wconf 85' lang='lat' dir='ltr'>Kirchliche</span> <span class='ocrx_word' id='word_1_303' title='bbox 1421 2549 1685 2586; x_wconf 74' lang='lat' dir='ltr'>Alterthfimer</span> <span class='ocrx_word' id='word_1_304' title='bbox 1718 2552 1786 2587; x_wconf 83' lang='lat' dir='ltr'>der</span> <span class='ocrx_word' id='word_1_305' title='bbox 1810 2553 2013 2589; x_wconf 73' lang='lat' dir='ltr'>Gnostiker</span> 
     </span>
    </p>
   </div>
   <div class='ocr_carea' id='block_1_11' title="bbox 1153 2619 1422 2664">
    <p class='ocr_par' dir='ltr' id='par_1_11' title="bbox 1153 2619 1422 2664">
     <span class='ocr_line' id='line_1_36' title="bbox 1153 2619 1422 2664; baseline -0.004 -10"><span class='ocrx_word' id='word_1_306' title='bbox 1153 2626 1156 2627; x_wconf 72' lang='grc'>’</span> <span class='ocrx_word' id='word_1_307' title='bbox 1183 2632 1218 2664; x_wconf 81' lang='lat'>1).</span> <span class='ocrx_word' id='word_1_308' title='bbox 1241 2619 1296 2654; x_wconf 81' lang='lat'>86.</span> <span class='ocrx_word' id='word_1_309' title='bbox 1321 2631 1422 2663; x_wconf 85' lang='lat' dir='ltr'>sequ.</span> 
     </span>
    </p>
   </div>
   <div class='ocr_carea' id='block_1_12' title="bbox 210 2568 2012 2758">
    <p class='ocr_par' dir='ltr' id='par_1_12' title="bbox 210 2568 2012 2758">
     <span class='ocr_line' id='line_1_37' title="bbox 211 2568 1043 2617; baseline 0.004 -15"><span class='ocrx_word' id='word_1_310' title='bbox 211 2579 390 2605; x_wconf 85' lang='lat' dir='ltr'>canonem</span> <span class='ocrx_word' id='word_1_311' title='bbox 428 2568 484 2602; x_wconf 81' lang='lat'>46.</span> <span class='ocrx_word' id='word_1_312' title='bbox 528 2568 742 2613; x_wconf 81' lang='lat' dir='ltr'>episcopum</span> <span class='ocrx_word' id='word_1_313' title='bbox 781 2572 844 2605; x_wconf 72' lang='lat' dir='ltr'>vel</span> <span class='ocrx_word' id='word_1_314' title='bbox 882 2573 1043 2617; x_wconf 84' lang='lat' dir='ltr'>presby-</span> 
     </span>
     <span class='ocr_line' id='line_1_38' title="bbox 211 2637 1042 2685; baseline 0.005 -13"><span class='ocrx_word' id='word_1_315' title='bbox 211 2640 360 2679; x_wconf 83' lang='lat' dir='ltr'>terum,</span> <span class='ocrx_word' id='word_1_316' title='bbox 405 2637 469 2682; x_wconf 80' lang='lat' dir='ltr'>qui</span> <span class='ocrx_word' id='word_1_317' title='bbox 511 2638 776 2673; x_wconf 73' lang='lat' dir='ltr'>haereticorum</span> <span class='ocrx_word' id='word_1_318' title='bbox 809 2641 1042 2685; x_wconf 80' lang='lat' dir='ltr'>baptismum</span> 
     </span>
     <span class='ocr_line' id='line_1_39' title="bbox 210 2707 2012 2758; baseline 0.003 -16"><span class='ocrx_word' id='word_1_319' title='bbox 210 2710 279 2742; x_wconf 74' lang='lat' dir='ltr'>aut</span> <span class='ocrx_word' id='word_1_320' title='bbox 313 2707 541 2742; x_wconf 80' lang='lat' dir='ltr'>sacrificium</span> <span class='ocrx_word' id='word_1_321' title='bbox 567 2707 778 2750; x_wconf 85' lang='lat' dir='ltr'>admiserit,</span> <span class='ocrx_word' id='word_1_322' title='bbox 814 2709 950 2753; x_wconf 83' lang='lat' dir='ltr'>deponi</span> <span class='ocrx_word' id='word_1_323' title='bbox 976 2710 1041 2753; x_wconf 88' lang='lat' dir='ltr'>ju-</span> <span class='ocrx_word' id='word_1_324' title='bbox 1135 2710 1153 2738; x_wconf 74' lang='lat'>⁴1</span> <span class='ocrx_word' id='word_1_325' title='bbox 1178 2710 1241 2745; x_wconf 87' lang='lat' dir='ltr'>Sic</span> <span class='ocrx_word' id='word_1_326' title='bbox 1267 2722 1415 2755; x_wconf 83' lang='lat' dir='ltr'>quoque</span> <span class='ocrx_word' id='word_1_327' title='bbox 1448 2712 1493 2745; x_wconf 88' lang='lat' dir='ltr'>de</span> <span class='ocrx_word' id='word_1_328' title='bbox 1519 2712 1643 2756; x_wconf 81' lang='lat' dir='ltr'>pudic.</span> <span class='ocrx_word' id='word_1_329' title='bbox 1671 2725 1702 2748; x_wconf 90' lang='lat' dir='ltr'>c.</span> <span class='ocrx_word' id='word_1_330' title='bbox 1719 2712 1774 2747; x_wconf 83' lang='lat'>4⁰.</span> <span class='ocrx_word' id='word_1_331' title='bbox 1804 2713 1850 2747; x_wconf 88' lang='lat' dir='ltr'>de</span> <span class='ocrx_word' id='word_1_332' title='bbox 1884 2724 2012 2758; x_wconf 56' lang='lat' dir='ltr'>praesc,</span> 
     </span>
    </p>
   </div>
   <div class='ocr_carea' id='block_1_13' title="bbox 208 2775 1958 2827">
    <p class='ocr_par' dir='ltr' id='par_1_13' title="bbox 208 2775 1958 2827">
     <span class='ocr_line' id='line_1_40' title="bbox 208 2775 1958 2827; baseline 0.003 -17"><span class='ocrx_word' id='word_1_333' title='bbox 208 2775 374 2811; x_wconf 82' lang='lat' dir='ltr'>bcntem.</span> <span class='ocrx_word' id='word_1_334' title='bbox 401 2787 479 2812; x_wconf 84' lang='lat' dir='ltr'>can.</span> <span class='ocrx_word' id='word_1_335' title='bbox 509 2778 555 2811; x_wconf 82' lang='lat'>47</span> <span class='ocrx_word' id='word_1_336' title='bbox 592 2788 666 2821; x_wconf 83' lang='lat' dir='ltr'>quo</span> <span class='ocrx_word' id='word_1_337' title='bbox 704 2782 858 2813; x_wconf 81' lang='lat' dir='ltr'>cautum</span> <span class='ocrx_word' id='word_1_338' title='bbox 881 2781 957 2820; x_wconf 84' lang='lat' dir='ltr'>cst,</span> <span class='ocrx_word' id='word_1_339' title='bbox 996 2782 1040 2815; x_wconf 87' lang='lat' dir='ltr'>ut</span> <span class='ocrx_word' id='word_1_340' title='bbox 1179 2780 1308 2816; x_wconf 80' lang='lat' dir='ltr'>haeret.</span> <span class='ocrx_word' id='word_1_341' title='bbox 1338 2791 1369 2815; x_wconf 86' lang='lat' dir='ltr'>c.</span> <span class='ocrx_word' id='word_1_342' title='bbox 1391 2780 1446 2815; x_wconf 87' lang='grc'>14.</span> <span class='ocrx_word' id='word_1_343' title='bbox 1476 2779 1534 2823; x_wconf 80' lang='lat' dir='ltr'>(et</span> <span class='ocrx_word' id='word_1_344' title='bbox 1559 2781 1598 2817; x_wconf 90' lang='lat' dir='ltr'>in</span> <span class='ocrx_word' id='word_1_345' title='bbox 1629 2782 1785 2827; x_wconf 82' lang='lat' dir='ltr'>append.</span> <span class='ocrx_word' id='word_1_346' title='bbox 1821 2793 1851 2816; x_wconf 87' lang='lat' dir='ltr'>c.</span> <span class='ocrx_word' id='word_1_347' title='bbox 1869 2782 1958 2827; x_wconf 64' lang='grc' dir='ltr'>δῖ).</span> 
     </span>
    </p>
   </div>
  </div>
 </body>
</html>
