2341 3340
1171 133 1293 181 ⁷40

296 268 474 336 patrem
495 277 634 332 jussit
666 279 733 319 ire
765 281 810 318 et
838 276 993 318 docere
1028 277 1232 317 nationes
1265 274 1503 329 tingendas
1533 276 1580 315 in
1609 274 1789 317 Patrem
1829 282 1872 317 et
1907 276 1954 316 in
1983 274 2149 318 Filium
2177 281 2222 318 et

240 365 247 370 ‘
303 360 351 399 in
373 357 592 412 Spiritum
611 356 825 397 Sanctum
905 385 915 396 .
930 385 940 396 .
1007 356 1074 395 Hi
1089 386 1098 395 .
1116 384 1126 395 .
1144 385 1154 394 .
1171 385 1181 394 .
1213 355 1437 395 consecuti
1453 356 1714 408 promissam
1742 356 1828 396 vz‘m
1850 354 2048 412 Spiritus
2070 354 2231 396 Sancti

305 437 365 478 ad
394 438 584 478 virtutes
615 442 660 477 et
687 437 923 489 eloquium,
971 437 1110 480 primo
1136 449 1220 488 per
1246 434 1444 474 Judoeam
1469 463 1478 472 .
1498 463 1508 472 .
1527 463 1536 473 .
1569 436 1758 475 ecclesiis
1788 435 2032 481 institutis,
2072 434 2228 475 dehinc

304 517 353 557 in
378 516 519 557 orbem
533 516 748 570 profecti,
783 514 964 554 eandem
986 513 1231 553 doctrinam
1261 513 1453 566 ejusdem
1464 512 1580 566 fidei
1604 514 1856 554 nationibus
1865 514 2228 569 promulgarunt.

304 596 372 637 Et
399 594 590 649 proinde
628 595 832 634 ecclesias
877 593 996 648 apud
1026 606 1371 647 unamquamque
1404 580 1627 631 civitatem
1667 593 1981 640 condiderunt,
2024 606 2051 632 a
2080 591 2230 645 quihus

305 673 535 715 traducem
548 673 665 727 fidei
696 678 739 713 et
768 674 936 713 semina
974 672 1190 712 doctrinae
1229 677 1406 712 caeteroe
1445 672 1603 712 exinde
1635 673 1828 712 ecclesiae
1857 676 2076 711 mutuatae
2107 673 2229 718 sunt,

307 757 352 794 et
384 753 574 807 quotidie
602 758 889 799 mutuantur,
922 755 973 791 ut
1002 752 1194 791 ecclesioe
1215 753 1351 805 fiant.
1410 752 1476 792 Ac
1509 765 1594 805 per
1627 751 1707 791 hoc
1742 754 1787 789 et
1825 751 1934 804 ipsae
1963 750 2230 804 Apostolz'cae

306 831 660 886 deputabantur,
712 837 764 870 ut
808 831 972 870 soboles
1020 831 1376 883 Apostolicarum
1423 832 1714 870 ecclesiarum.
1807 829 1943 868 Omne
1987 842 2129 882 genus
2174 827 2235 867 ad

308 911 523 963 originem
565 923 689 949 suam
730 912 963 948 censeatur
997 921 1171 947 necesse
1203 912 1282 947 est.
1369 909 1524 962 Itaque
1561 915 1627 948 tot
1661 914 1704 948 et
1744 912 1885 947 tantae
1918 908 2110 947 ecclesiae
2140 918 2232 946 una

308 993 375 1030 est
413 989 492 1028 ula
536 989 587 1028 ab
614 988 839 1042 Apostolz's
868 988 1044 1040 prima,
1093 1000 1147 1024 ea·
1186 1000 1270 1039 qua
1301 998 1459 1025 omnes.
1526 986 1599 1025 Sic
1630 999 1774 1025 omnes
1803 987 1960 1040 prz‘moe
2003 992 2046 1026 et
2087 997 2233 1024 omnes

307 1067 596 1120 Apostolz‘coe,
643 1066 745 1104 dum
774 1078 876 1105 una.
954 1066 1111 1104 Omnes
1142 1064 1333 1118 probant
1369 1062 1625 1103 unz‘tacemss.

487 1144 551 1183 Ex
582 1144 698 1183 hisce
736 1144 861 1195 igitur
889 1142 1135 1183 Tertulliani
1163 1142 1297 1181 verbis
1325 1145 1464 1194 aperte
1489 1143 1693 1193 sequitur,
1729 1155 1824 1182 eum
1854 1142 2039 1181 ecclesiae
2070 1140 2235 1182 decreta

309 1223 420 1264 haud
443 1224 612 1263 minoris
635 1223 857 1261 aestimasse
882 1235 1001 1273 quam
1016 1221 1264 1273 Apostolica,
1299 1222 1450 1273 quippe
1473 1234 1563 1271 quae
1581 1221 1629 1261 ab
1646 1221 1853 1274 Apostolis
1874 1234 1949 1274 per
1971 1221 2237 1275 traditionem

309 1305 448 1342 essent
476 1301 706 1350 derivanda,
740 1305 861 1352 atque
891 1301 1025 1339 omnia
1056 1300 1105 1339 ab
1132 1300 1306 1338 ecclesia
1332 1300 1516 1339 instituta
1538 1300 1645 1352 juris
1676 1313 1766 1341 esse
1799 1301 1953 1340 dlvini:
1992 1304 2113 1350 atque
2143 1311 2237 1339 cum

308 1381 496 1421 Ecclesia
528 1380 801 1420 differentiam
827 1381 1011 1432 posuerit
1037 1380 1146 1419 inter
1175 1378 1373 1419 Ordinem
1401 1392 1447 1418 ac
1476 1380 1653 1431 plebem,
1681 1380 1788 1418 hanc
1813 1392 1975 1431 quoque
1992 1379 2238 1420 censendam

312 1473 403 1500 esse
421 1460 683 1513 Apostolicae,
712 1461 837 1499 innuo
868 1460 1016 1498 divinae
1047 1459 1227 1511 originis.
1285 1459 1475 1498 Attamen
1505 1459 1617 1498 haud
1634 1459 1879 1511 negaverim,
1915 1471 2008 1498 eum
2038 1458 2237 1510 inprimis,

310 1543 526 1593 postquam
550 1539 820 1580 montanista
859 1539 994 1578 factus
1031 1541 1146 1586 erat,
1189 1538 1398 1590 spirituale
1428 1536 1755 1578 Christianorum
1797 1538 2071 1578 sacerdotium
2109 1537 2238 1589 magis

310 1619 533 1672 pressisse3
577 1619 651 1659 sed
675 1620 799 1658 verba
829 1619 930 1670 ejus,
963 1617 1015 1655 (16
1045 1618 1245 1656 exhor-tat.
1279 1617 1408 1655 castit.
1438 1628 1473 1654 6.
1500 1616 1568 1654 27.
1610 1630 1731 1670 supra
1760 1618 1890 1666 allata,
1929 1617 2074 1667 quibus
2103 1616 2238 1655 Laicis

303 1698 374 1751 jus
403 1701 654 1737 sacramenta
686 1695 996 1735 administrandi
1010 1696 1165 1744 tribuit,
1196 1695 1248 1734 de
1268 1707 1363 1734 casu
1387 1695 1668 1733 tantummodo
1697 1695 1952 1735 necessitatis
1974 1693 2240 1748 intelligenda

313 1776 442 1827 esse9,
473 1776 665 1827 equidem
696 1788 934 1826 persuasum
963 1775 1066 1814 mihi
1094 1775 1248 1821 habeo,
1280 1774 1506 1823 lubensque
1536 1774 1733 1812 concedo.

495 1854 614 1905 Quod
640 1866 737 1892 vero
766 1853 992 1905 Episcopos
1025 1853 1184 1900 attinet,
1218 1863 1289 1890 eos
1306 1850 1600 1901 Tertullianus,
1631 1855 1676 1891 ut
1707 1853 1933 1905 generatim
1961 1852 2238 1894 sacerdotum

314 1935 480 1976 nomine
518 1945 615 1973 usus
659 1936 751 1981 est,
798 1930 875 1985 ((16
908 1932 1067 1971 exhort.
1103 1931 1299 1970 castitatis
1346 1943 1380 1969 6.
1404 1930 1464 1979 ¹7.)
1509 1943 1692 1970 summos
1738 1931 1838 1971 dicit
1878 1932 2128 1972 sacerdotes
2162 1930 2238 1986 (de

316 2014 516 2067 baptismo
549 2025 585 2051 6.
615 2011 681 2051 17.
711 2011 763 2049 de
789 2011 926 2063 pudic.
957 2024 991 2050 6.
1023 2006 1084 2063 1.)
1117 2023 1167 2049 ex
1193 2010 1379 2048 instituto
1410 2009 1600 2049 nimirum
1631 2009 1829 2050 Mosaico.
1887 2009 2073 2061 Namque
2101 2023 2238 2050 sacer-

317 2093 475 2132 dotium
503 2091 783 2131 Aaroniticum
814 2090 865 2129 ad
898 2089 1150 2128 Christianos
1179 2089 1406 2138 transiisse,
1439 2089 1592 2141 primus
1616 2090 1724 2128 inter
1748 2090 1938 2128 doctores
1971 2088 2238 2138 Christianos,

316 2172 351 2211 si
378 2171 491 2210 locos
527 2171 705 2210 incertos
742 2172 786 2210 in
828 2169 989 2221 scriptis
1023 2167 1187 2207 Patrum
1221 2168 1549 2220 Apostolicorum
1588 2169 1726 2208 obvios
1763 2168 1996 2216 demamus,
2037 2169 2238 2219 expressis

317 2251 452 2291 verbis
479 2249 675 2298 asseruit,
713 2248 814 2288 licet
835 2247 1020 2287 fortassis
1043 2247 1131 2300 jam
1160 2250 1253 2287 ante
1286 2247 1373 2300 ejus
1409 2250 1570 2287 aetatem
1601 2247 1746 2287 harum
1775 2247 1985 2286 notionum
2016 2247 2169 2287 semina
2195 2247 2238 2288 in

317 2329 493 2369 ecclesia
520 2328 715 2368 Africana
736 2339 873 2379 sparsa
903 2327 1114 2367 fuerint10.

366 2458 385 2486 3
410 2459 468 2494 Cf.
487 2470 637 2505 quoque
661 2470 740 2505 cap.
763 2459 821 2493 32.
847 2462 884 2493 et
915 2457 972 2492 36.
1009 2458 1077 2492 ubi
1102 2458 1255 2501 similia,
1352 2472 1369 2499 9
1395 2458 1453 2492 cf.
1481 2470 1561 2502 quae
1591 2458 1636 2491 de
1669 2458 1868 2503 baptismo¹
1887 2458 2028 2500 habet,
2057 2457 2104 2491 (16
2133 2457 2235 2502 bapt.

416 2533 455 2565 et
482 2531 530 2564 de
549 2530 690 2576 virgin.
718 2530 866 2564 veland.
890 2540 920 2563 c.
943 2528 976 2563 2.
1009 2528 1078 2562 ubi
1109 2540 1256 2563 morem
1402 2540 1432 2563 c.
1458 2528 1512 2561 1'7.
1545 2529 1590 2561 (le
1622 2527 1867 2574 monogamia
1904 2539 1937 2562 c.
1958 2526 2013 2561 12.
2043 2529 2081 2561 et
2110 2526 2236 2571 Episc.

413 2600 664 2635 velandarum
685 2599 883 2646 virginum
911 2611 956 2633 ex
985 2598 1256 2633 consvetudine
1398 2598 1568 2633 Lincoln.
1595 2587 1630 2643 1).
1655 2597 1736 2632 351.
1762 2609 1864 2643 sequ.

413 2670 662 2704 ecclesiarum
693 2670 741 2704 ab
766 2669 956 2715 Apostolis
984 2668 1128 2704 virisve
1155 2668 1256 2714 Apo-

416 2739 559 2774 ntolicis
590 2739 829 2775 conditarum
853 2738 1016 2774 deducit.
1328 2737 1363 2766 1⁰
1390 2738 1580 2773 Neanders
1610 2737 1729 2773 Geist.
1760 2737 1824 2772 des
1857 2735 2021 2771 Tertull.
2047 2748 2082 2780 p.
2103 2734 2182 2771 203.
