2341 3340
1221 173 1324 221 208

988 315 1039 374 c
1061 315 1211 374 ΑΡ.
1288 313 1568 374 xxix.
2147 388 2154 391 p

366 415 559 459 PASSIO
607 414 650 458 S.
689 414 731 457 S.
767 414 1084 458 PERPETUAE
1125 415 1203 456 ET
1245 413 1602 457 FELICITATIS
1645 413 1834 468 ATQVE
1877 412 2182 458 socmRUM.

312 589 352 628 1.
409 555 694 639 Thuburbii,
711 586 861 643 oppido
878 588 1032 630 Africae
1052 587 1366 643 proconsularis,
1388 596 1525 639 passas
1546 592 1617 627 eas
1633 598 1738 637 esse,
1768 586 1955 628 nonnulli
1971 587 2239 628 existimant1.

312 665 381 707 Sic
419 679 471 708 ex
513 666 721 709 Sirmondi
767 670 968 710 sententia
1011 668 1263 721 Augustinus
1311 666 1511 709 Sermone
1551 666 1620 705 22.
1701 665 1939 707 chronicon
1978 667 2241 719 Hieronymi,

310 751 426 787 vetus
452 747 795 801 Martyrologium
828 747 1078 797 Romanum,
1125 748 1296 800 aliique,
1339 747 1485 799 quibus
1514 744 1624 785 forte
1656 746 1954 787 accensendum
1982 758 2145 798 quoque
2178 748 2242 785 est

311 831 427 867 vetus
455 826 744 866 Kalendarium
768 825 1104 878 Carthaginiense
1125 826 1233 879 apud
1259 827 1518 874 Ruinartum,
1550 824 1673 877 quod,
1702 822 1920 877 Perpetuae
1949 828 1992 864 et
2013 824 2242 864 Felicitatis

311 904 544 945 nominibus
577 904 757 952 omissis,
793 906 951 943 tantum
979 903 1031 943 ad
1063 903 1122 943 III
1150 903 1237 943 Kal.
1270 905 1375 956 Aug.
1405 905 1558 945 habet:
1600 904 1789 945 Sanctae
1818 903 2168 944 Thuburbitanas
2199 909 2242 945 et

310 983 583 1036 septimiam.
641 982 726 1025 Alii
755 994 854 1022 vero
891 981 1000 1022 bene
1032 982 1153 1022 multi
1181 981 1429 1034 Carthagine
1463 995 1600 1034 passas
1633 985 1844 1031 asserunt,
1882 986 1925 1022 et
1958 982 2040 1022 hoc
2077 981 2242 1033 quidem

311 1073 403 1100 mea
442 1062 644 1102 sententia
688 1063 842 1115 optimo
878 1061 983 1114 iure.
1057 1060 1161 1101 Nam
1199 1059 1446 1114 Carthagine
1490 1064 1579 1101 erat
1615 1061 1792 1100 tribunal
1830 1072 2080 1101 summorum
2117 1061 2243 1114 magi-

311 1143 510 1181 stratuum
530 1170 542 1190 ,
597 1141 844 1194 Carthagine
899 1143 1077 1180 castrum
1127 1141 1305 1180 militum
1349 1140 1712 1194 Legionariorum3
1769 1139 1827 1179 ibi
1873 1152 2036 1192 quoque
2070 1140 2242 1193 Amphi-

309 1219 537 1269 theatrum,
582 1220 722 1271 ibique
756 1220 844 1260 ludi
881 1220 1072 1260 solennes
1101 1219 1349 1268 edebantur,
1395 1219 1573 1272 denique
1603 1218 1851 1270 Carthagine
1890 1219 2041 1271 sepulti
2075 1219 2244 1260 fuerunt

310 1298 356 1338 hi
399 1298 617 1351 Martyres.
702 1293 1034 1339 Thuburbitanas
1078 1311 1174 1338 vero
1221 1298 1438 1352 Augustini
1490 1311 1580 1338 esse
1621 1279 1867 1346 Maximam,
1916 1297 2162 1339 Donatillam
2202 1303 2244 1339 et

313 1375 566 1428 Secundam,
607 1379 682 1418 sub
713 1377 930 1420 Valeriano
973 1382 1015 1420 et
1044 1378 1232 1419 Gallieno
1270 1390 1406 1431 passas
1439 1377 1498 1417 ΙΙΙ
1530 1377 1618 1417 Kal.
1649 1376 1748 1429 Apr.
1785 1387 1885 1428 quas
1920 1388 2084 1431 quoque
2118 1378 2244 1419 habet

311 1454 601 1497 Kalendarium
634 1457 991 1509 Carthaginiense,
1036 1457 1191 1499 Valesii
1226 1457 1308 1497 fuit
1342 1457 1546 1497 sententia
1565 1455 1597 1495 2.

492 1534 533 1574 2.
592 1533 862 1574 Occasionem
902 1534 1018 1575 dedit
1053 1536 1207 1576 Natalis
1245 1535 1363 1576 Getae
1396 1524 1596 1584 Caesaris,
1639 1536 1735 1575 anni
1765 1535 1871 1584 202,
1917 1547 1998 1588 quo
2041 1536 2109 1576 die
2147 1541 2241 1577 ante

262 1645 266 1647 .
314 1614 494 1665 quinque
525 1626 652 1654 annos
683 1612 822 1653 Caesar
848 1613 986 1654 fuerat
1016 1618 1292 1657 renunciatus.
1350 1615 1425 1655 Illo
1455 1618 1641 1667 tempore
1669 1615 1935 1655 Hilarianus
1960 1617 2049 1654 erat
2070 1614 2242 1656 Caesaris

315 1693 358 1733 in
391 1693 532 1734 Africa
564 1692 823 1733 Procurator.
882 1693 963 1733 Hic
1000 1696 1110 1735 enim
1145 1700 1238 1748 post
1276 1699 1451 1735 mortem
1482 1693 1745 1734 Proconsulis
1779 1694 1968 1735 Minucii
2001 1695 2246 1735 Tinziniani

315 1775 358 1812 et
400 1776 494 1813 ante
535 1772 754 1813 adventum
796 1773 991 1815 Maurici
1023 1775 1180 1830 Rufini
1207 1775 1278 1827 jus
1316 1774 1441 1827 gladii
1476 1777 1703 1827 acceperat.
1773 1773 1960 1814 Natalem
1993 1785 2091 1815 vero
2124 1774 2241 1815 Getae

316 1850 488 1892 Caesaris
516 1852 699 1892 indicant
724 1852 812 1904 ipsa
836 1853 962 1892 actass.
1022 1853 1068 1893 In
1090 1866 1260 1893 munere
1291 1853 1488 1893 castrensi
1510 1853 1553 1892 h.
1570 1866 1606 1891 e.
1632 1853 1753 1902 ludis,
1783 1853 1853 1904 qui
1880 1853 2054 1894 militum
2076 1854 2241 1894 nomine

313 1931 462 1983 populo
493 1930 822 1986 Carthaginiensi
853 1932 1152 1973 exhibebantur
1164 1932 1194 1981 4,
1226 1933 1453 1984 quibusque
1482 1931 1730 1984 praesidebat
1747 1932 1991 1981 Hilarianus,
2021 1931 2242 1972 Christiani

311 2009 455 2050 bestiis
492 2010 715 2064 objiciendi
751 2015 891 2060 erant3
941 2024 1067 2063 quare
1099 2011 1346 2064 apprehensi
1377 2010 1546 2050 fuerunt
1573 2000 1893 2059 Catechumeni,
1931 2010 2164 2050 Revocatus
2200 2015 2242 2050 et

312 2088 506 2129 Felicitas
552 2102 747 2132 conserva
789 2090 878 2143 ejus
923 2094 1046 2143 atque
1086 2088 1371 2138 secundulus,
1427 2090 1499 2130 hic
1551 2101 1713 2142 quoque
1763 2089 1921 2129 servilis
1970 2087 2240 2128 conditionis:

312 2170 464 2219 praeter
495 2180 591 2207 vero
621 2170 698 2209 hos
733 2169 841 2209 Ubia
877 2168 1103 2221 Perpetua,
1146 2168 1319 2208 honesta
1365 2168 1592 2209 liberaliter
1634 2169 1818 2209 instituta
1859 2170 2069 2216 matrona,
2115 2180 2240 2208 annos

312 2246 455 2298 viginti
487 2246 567 2287 duo
601 2251 707 2288 nata.
768 2247 923 2287 Habuit
955 2247 1086 2287 filium
1116 2247 1166 2287 ad
1199 2247 1346 2297 ubera,
1390 2251 1432 2288 et
1463 2251 1551 2288 tota
1580 2249 1667 2301 ejus
1696 2247 1871 2294 familia,
1911 2252 2083 2299 excepto
2111 2250 2238 2299 patre,

315 2323 483 2365 Christo
528 2338 679 2366 nomen
720 2326 902 2365 dederat.
986 2325 1181 2366 Felicitas
1217 2339 1430 2380 praegnans
1469 2330 1556 2366 erat
1594 2330 1689 2366 octo
1725 2326 1951 2374 mensium,
1994 2328 2240 2377 quapropter

314 2406 558 2459 supplicium
603 2405 692 2458 ejus
734 2405 960 2446 secundum
1002 2406 1202 2446 Hadriani
1237 2407 1377 2459 leges,
1420 2418 1673 2457 quarumque
1721 2405 1873 2445 similes
1911 2418 1935 2444 a
1969 2404 2104 2456 prisco
2141 2403 2238 2443 inde

361 2564 380 2607 ξ
404 2562 519 2596 Mem.
548 2562 593 2596 de
625 2561 837 2597 Tillemont
865 2562 935 2597 111.
965 2573 1000 2606 p.
1025 2561 1107 2598 291.
1159 2561 1256 2597 Vide
1399 2564 1438 2596 ct
1484 2560 1695 2595 Felicitatis
1740 2571 1775 2605 p.
1806 2559 1840 2593 3.
1867 2561 1900 2594 4.
1960 2558 2055 2593 Vide
2088 2569 2237 2604 quoque

409 2643 557 2676 quoque
589 2642 704 2677 supra.
731 2644 765 2677 p.
785 2632 866 2667 204.
1400 2630 1612 2685 Tillemont=
1638 2630 1755 2664 Mem.
1784 2629 1854 2663 ΙΙΙ.
1890 2640 1925 2673 p.
1946 2626 2027 2662 293.

1351 2699 1369 2727 3
1395 2700 1503 2745 Apud
1532 2700 1709 2735 Ruinart.
1738 2711 1772 2745 p.
1793 2698 1851 2734 89.
1874 2700 1911 2732 et
1940 2696 1996 2732 93.

315 2767 332 2776 “
359 2771 377 2798 ²
401 2770 554 2807 Praefat.
584 2772 632 2807 ad
662 2771 880 2807 Passionem
917 2771 955 2806 S2
988 2769 1025 2805 S.
1056 2769 1255 2816 Perpetuae
1349 2768 1368 2795 4
1393 2769 1613 2804 Tillcmont.
1642 2770 1756 2804 Mem.
1781 2768 1850 2802 ΙΙΙ,
1881 2779 1915 2812 p.
1938 2766 2018 2803 293.
