2341 3340
1223 118 1295 182 ‘72

300 281 398 335 ipsis
432 280 474 320 in
509 278 675 321 familiis
715 278 941 320 Gentilium
982 279 1132 319 multos
1184 277 1315 318 fuisse
1359 274 1612 316 Christianos
1630 304 1642 325 ‚
1669 279 1730 316 Aet
1769 277 1947 329 virgines
1978 276 2228 319 christianas

301 359 477 400 ethnicis
524 361 738 412 nupsisse3
797 359 909 399 unde
950 362 1090 408 certe,
1140 360 1187 397 ut
1222 357 1374 407 ubique
1413 356 1597 396 locorum
1617 385 1629 405 ‚
1684 357 1795 398 haud
1832 371 1923 398 raro
1970 357 2229 397 incommoda

301 438 536 493 gravissima
577 438 808 488 fluxerunt,
861 439 907 478 in
952 439 1095 491 quibus
1144 435 1382 477 enarrandis
1428 434 1466 474 T
1469 437 1706 476 ertullianus
1747 441 1931 478 versatur
1953 467 1965 487 ,
2019 438 2071 477 ad
2112 448 2228 477 uxor.

300 518 370 584 lib.
392 516 443 558 11.
478 531 513 557 c.
539 518 638 558 6.14.

480 597 661 637 Proinde
699 599 757 639 nil
788 599 956 647 mirum,
992 599 1028 637 si
1057 596 1294 652 hujusmodi
1333 596 1588 636 matrimonia
1626 597 1775 646 mixta,
1819 610 1910 650 quae
1950 596 2028 636 sibi
2061 594 2227 635 omnino

297 677 424 717 licere
457 681 650 730 putarunt
686 678 929 718 Christianae
966 674 1181 725 mulieres,
1229 677 1417 728 quoniam
1454 675 1604 715 Paulus
1647 676 1868 728 Apostolus
1908 690 1956 716 ea
1991 675 2229 736 neutiquam

296 756 621 806 interdixeram,
654 758 783 797 nihilo
813 761 948 798 tamen
978 758 1112 798 secius
1142 771 1165 796 a
1194 755 1448 796 Tertulliano
1479 755 1590 812 (adv.
1618 756 1748 797 Marc.
1774 755 1824 796 V.
1845 756 1885 795 ¹7.
1915 756 1968 795 de
1998 766 2229 808 monogam.

299 847 334 876 c.
363 835 403 876 7.
434 836 501 875 11.
537 836 587 875 ad
623 850 792 877 uxorem
828 838 880 876 Il.
910 838 950 877 2.
981 838 1021 877 3.
1053 838 1118 876 13.
1154 837 1207 877 de
1244 849 1384 876 coron.
1423 837 1563 877 militis
1607 850 1641 875 c.
1674 832 1762 888 13.)
1807 838 1930 886 atque
1962 848 1985 875 a
2023 834 2228 887 Cypriane

298 914 471 972 (testim.
500 915 551 954 ad
580 916 736 973 Quin-in.
769 916 840 954 Ill.
870 930 906 955 c.
932 916 1000 954 62.
1036 916 1088 954 de
1115 916 1237 967 lapsis
1263 929 1302 967 p.
1333 912 1450 967 123.)
1484 915 1601 954 valde
1629 915 1857 968 improbata
1888 916 2083 967 legamus.

476 994 516 1033 3.
576 993 659 1033 Sed
693 998 735 1034 et
767 978 877 1047 ipsos
909 994 1092 1033 Clericos
1132 994 1262 1032 omnis
1299 994 1399 1032 labis
1442 994 1553 1032 haud
1595 994 1723 1034 fuisse
1765 998 1974 1047 expertes,
2024 980 2073 1035 ex
2104 997 2229 1035 testa-

295 1075 442 1115 moniis
467 1074 711 1114 Tertulliani
745 1078 787 1114 et
810 1074 1002 1126 Cypriani
1032 1075 1128 1113 satis
1162 1085 1366 1124 superque
1399 1073 1616 1126 colligitur.
1676 1073 1745 1112 Sic
1773 1075 1843 1113 ille
1874 1074 1925 1113 de
1948 1074 2081 1127 jejun.
2111 1073 2228 1113 c.13.

296 1155 512 1208 episcopos
556 1157 718 1193 accusat
752 1154 912 1207 jejunia
956 1153 1151 1193 indixisse
1195 1153 1298 1192 lucri
1345 1165 1476 1191 causa.
1547 1152 1608 1191 De
1654 1153 1859 1206 Episcopo
1899 1152 2228 1207 Carthaginiensi

295 1235 494 1286 queritur.
525 1233 635 1284 quod
665 1234 858 1272 tenellam
882 1234 992 1272 illam
1020 1234 1217 1285 virginem
1249 1232 1301 1271 de
1332 1244 1410 1284 qua
1436 1245 1527 1272 cAP.
1550 1244 1610 1273 xl.
1641 1233 1817 1272 diximus
1844 1232 1887 1272 in
1910 1232 2229 1273 diaconissarum

295 1327 511 1354 numerum
549 1313 767 1366 adlegerit.
794 1311 869 1368 (de
899 1314 999 1365 virg.
1031 1313 1109 1352 vel.
1146 1325 1182 1351 c.
1213 1307 1275 1364 9.)
1314 1311 1539 1364 Cyprianus
1580 1325 1643 1365 ep.
1674 1311 1767 1352 165.
1807 1326 1847 1365 p.
1877 1312 1971 1351 163.
2012 1315 2148 1368 stipes
2184 1319 2226 1355 et

295 1395 538 1435 oblationes
570 1400 615 1435 et
654 1394 778 1434 lucra
815 1394 996 1434 clericos
1033 1393 1287 1433 desiderare
1324 1392 1554 1446 adfirmat,
1605 1393 1751 1446 quibus
1785 1394 1914 1447 prius
1954 1393 2227 1434 insatiabiles

294 1473 516 1525 incubant.
565 1473 714 1513 Narrat
731 1477 950 1524 praeterea:
985 1474 1208 1527 episcopos
1231 1473 1444 1526 plurimos
1458 1478 1773 1526 procuratores
1796 1486 1943 1511 rerum
1963 1474 2225 1513 secularium

281 1553 395 1608 fieri
402 1581 415 1601 ,
453 1553 665 1594 derelicta
702 1553 934 1599 cathedra,
964 1552 1091 1607 plebe
1129 1552 1326 1598 deserta,
1360 1565 1445 1606 per
1479 1553 1649 1592 alienas
1678 1552 1933 1606 provincias
1967 1552 2225 1593 oberrantes

294 1633 614 1686 negotiationis
633 1638 889 1687 quoestuosoe
913 1631 1136 1671 nundinas
1166 1633 1394 1686 aucupari,
1429 1631 1718 1672 esurientibus
1743 1632 1789 1670 in
1809 1632 1988 1671 ecclesia
1994 1632 2224 1683 fratribus

293 1711 451 1752 habere
480 1718 716 1766 argentum
748 1712 937 1763 largiter
971 1712 1081 1750 velle
1098 1724 1115 1757 ;
1146 1710 1318 1763 fundos
1348 1711 1571 1750 insidiosis
1592 1710 1830 1763 fraudibus
1860 1724 2040 1764 rapere,
2080 1713 2226 1752 usuris

292 1792 684 1845 multiplicantibus
711 1792 881 1842 foenus
919 1803 1082 1843 augere
1101 1803 1117 1836 ;
1166 1787 1241 1842 (de
1271 1788 1393 1841 lapsis
1425 1802 1465 1841 p.
1493 1784 1668 1842 123.)16.
1743 1788 2021 1841 Turpissimos
2061 1801 2225 1840 quoque

291 1880 427 1908 mores
456 1869 756 1918 nefandamque
786 1880 980 1907 venerem
1010 1867 1287 1906 Tertullianus
1309 1867 1513 1919 Episcopo
1544 1868 1765 1906 Uthinensi
1798 1868 2023 1919 exprobare
2049 1868 2224 1916 videtur,

293 1946 346 1985 de
375 1959 456 1999 quo
478 1947 538 1987 -de
567 1947 824 2001 monogamia
853 1959 887 1986 c.
914 1946 980 1986 12.
1009 1946 1123 1996 dicit,
1155 1949 1230 2002 qui
1253 1961 1333 1987 nec
1354 1947 1632 1988 Scantiniam
1662 1944 1865 1989 timuit17.
1923 1947 2025 1997 Quae
2055 1948 2224 1998 quidem

379 2113 680 2157 pronunciemur‚
717 2125 788 2148 non
819 2124 991 2149 veremur.
1053 2113 1235 2148 Ceterum
1377 2112 1638 2147 Christianum
1670 2113 1718 2146 ab
1750 2112 1949 2154 Ethnicis,
1985 2113 2083 2156 quod
2114 2113 2220 2148 haud

386 2182 468 2228 ipse
525 2183 790 2219 Tertullianus
839 2183 1067 2219 Christianis
1128 2184 1234 2218 haud.
1375 2184 1540 2228 amplius
1560 2183 1775 2227 spectacula
1805 2183 2032 2226 frequentet.

387 2264 538 2288 omnem
580 2267 667 2290 cum
707 2254 883 2290 Ethnicis
926 2254 1234 2303 familiaritatem
1304 2253 1339 2285 14
1364 2254 1425 2289 Tu
1445 2254 1533 2288 vide
1558 2253 1734 2287 libellum
1747 2257 1939 2287 nostrum:
1965 2252 2036 2286 Die
2048 2252 2219 2288 Christin

384 2324 593 2368 interdicit,
622 2325 790 2371 ipsisque
809 2324 1097 2359 celebritatibus
1129 2337 1232 2359 mere
1374 2325 1428 2359 im
1448 2323 1700 2357 heidnischen
1725 2324 1867 2361 Hause.
1893 2322 1996 2357 1828.

385 2394 566 2429 civilibus
598 2408 634 2429 v.
662 2407 692 2430 c.
731 2395 875 2440 nuptiis
916 2395 979 2429 vel
1021 2394 1089 2429 ubi
1135 2407 1231 2440 puer
1303 2395 1339 2424 15
1364 2396 1385 2429 1
1404 2396 1487 2429 Cor.
1511 2394 1596 2428 VII.
1623 2392 1746 2427 12-14.

384 2467 610 2510 praetextam
622 2476 709 2499 cum
728 2468 821 2512 toga
843 2469 1023 2508 mutaret,
1049 2465 1231 2499 interesse
1303 2465 1337 2493 16
1358 2466 1503 2500 Eadem
1522 2465 1594 2498 hac
1614 2462 1798 2508 Cypriani
1827 2463 1948 2498 verba
1973 2463 2116 2509 allegat
2134 2462 2214 2497 Au·-

385 2534 521 2569 lubens
563 2536 747 2571 concedit.
806 2536 973 2583 Neandri
1017 2535 1124 2570 Geist
1166 2537 1229 2569 des
1372 2534 1545 2580 gustinus
1567 2537 1698 2568 contra
1718 2534 1962 2568 Cresconium
1988 2533 2072 2567 Lib.
2099 2535 2131 2576 §.
2156 2533 2212 2568 40.

385 2604 551 2640 Tertull.
590 2618 624 2651 p.
642 2606 699 2642 56.
750 2607 824 2641 Sed
857 2606 985 2640 omnia
1014 2606 1230 2651 spectacula
1274 2623 1276 2625 >
1300 2598 1347 2633 171
1360 2605 1438 2639 Lex
1453 2604 1658 2646 Scantinia,
1684 2615 1885 2649 perperam
1909 2603 2075 2637 Scatinia
2098 2603 2213 2645 dicta,

384 2675 615 2720 repudiavit,
643 2681 685 2711 ut
707 2678 854 2711 cultum
877 2676 1022 2711 diaboli
1045 2675 1155 2719 (libr.
1182 2676 1226 2709 de
1368 2675 1447 2709 lata
1483 2685 1516 2709 a.
1552 2686 1588 2709 u.
1623 2686 1653 2709 c.
1678 2674 1782 2717 526„
1832 2676 1940 2718 quus
1974 2676 2106 2707 auctor
2136 2673 2214 2708 fuit

385 2746 588 2790 spectac.);
615 2751 848 2792 quapropter
866 2747 903 2781 in
929 2757 972 2779 eo
993 2746 1048 2780 ait
1072 2745 1225 2789 agnosci
1367 2745 1554 2781 Aricinus.
1624 2745 1912 2779 Commentator
1954 2747 2128 2799 vetustus
2172 2743 2212 2777 in
