2341 3340
998 140 1064 189 55

833 278 885 336 C
905 277 962 334 A
979 277 1052 336 P.
1130 279 1187 335 X
1206 278 1257 337 Ι.

217 379 613 424 CONTINUATIO.
694 377 734 418 4.
791 376 1141 419 PRESBYTERI
1196 377 1274 441 ΕΤ
1329 378 1558 433 RELlQm
1615 380 1847 427 emmer

77 552 117 591 1.
173 521 270 592 Ex
298 549 570 602 superioribus
589 549 711 590 facile
739 549 991 601 intelligitur,
1019 550 1301 603 Presbyteros
1319 552 1533 593 Ecclesiae
1545 555 1787 605 Africanae,
1813 569 1984 608 quorum

75 630 186 671 haud
219 640 336 668 secus
376 640 422 667 ac
458 627 728 667 Diaconorum
768 627 916 667 electio
960 631 1002 667 et
1041 627 1243 667 ordinatio
1286 630 1433 669 eodem
1476 631 1599 670 modo
1637 635 1905 685 peragebatur
1937 650 1984 677 ac

75 707 403 759 Episcoporum,
446 706 726 747 consentiente
763 707 953 745 nimirum
990 705 1111 745 Clero
1146 710 1188 746 ct
1223 705 1381 759 Populo
1403 707 1442 756 1,
1486 709 1699 761 Episcopis
1727 712 1817 750 fere
1858 714 1985 755 fuisse

74 784 264 835 aequales,
296 787 417 835 atque
445 783 497 823 de
525 784 575 823 iis
600 784 774 824 valuisse
800 785 923 824 verba
944 784 1206 836 Hieronymi:
1240 787 1342 839 qnid
1355 788 1479 838 facit
1505 795 1682 842 excepta
1705 791 1983 833 ordinatione

71 864 328 918 Episcopus,
363 862 476 917 qnod
504 863 736 916 Presbyter
768 877 855 903 non
874 863 1084 916 sacz‘at2?
1140 862 1357 902 Probabile
1390 867 1466 912 est,
1505 878 1586 905 non
1612 867 1690 906 nisi
1718 868 1900 908 seniores
1933 870 1985 908 ad

70 940 323 992 Presbyterii
351 939 521 992 gradum
547 943 668 991 atque
695 941 895 981 honorem
922 942 965 980 in
987 940 1199 989 Africana,
1238 945 1284 981 ut
1314 943 1357 981 in
1385 943 1554 995 reliqua,
1586 945 1759 985 ecclesia
1787 947 1984 988 admissos

70 1018 219 1067 fuisse,
262 1022 384 1070 atque
412 1018 621 1057 intervalla
655 1019 764 1058 inter
796 1020 1093 1059 ordinationem
1127 1018 1179 1058 ad
1205 1020 1468 1060 Diaconatum
1504 1025 1546 1061 et
1574 1022 1624 1061 ad
1654 1022 1983 1076 Presbyteratum

69 1097 197 1136 fuisse
217 1103 392 1146 servata3
424 1098 532 1149 quod
554 1098 641 1150 ipsa
666 1098 851 1137 ecclesiae
881 1099 1085 1149 sapienter
1113 1097 1441 1138 administrandae
1462 1113 1559 1139 cura
1583 1102 1728 1152 suasit5
1761 1116 1838 1143 nec
1860 1104 1982 1144 facile

68 1176 265 1228 neophyti
288 1175 339 1215 ad
357 1176 574 1216 sacerdotii
589 1177 905 1215 admittebantur
918 1176 1068 1215 officia.
1132 1175 1324 1215 Attamen
1341 1190 1388 1217 ea
1409 1191 1694 1229 nonnunquam
1715 1181 1811 1221 viris
1833 1183 1983 1222 virtute

68 1267 116 1294 ac
140 1253 324 1294 doctrina
349 1255 620 1295 eminentibus
640 1256 752 1294 brevi
776 1259 869 1306 post
891 1254 1135 1305 baptismum
1168 1254 1402 1294 concredita
1429 1255 1570 1304 fuisse,
1600 1258 1828 1309 exemplum
1861 1258 1984 1299 docet

69 1331 287 1385 Cypriani,
339 1345 444 1372 anno
476 1345 567 1371 cum
598 1332 767 1386 dimidio
797 1332 988 1380 circiter,
1023 1334 1238 1383 postquam
1269 1331 1521 1373 Christianus
1552 1334 1684 1374 factus
1716 1340 1827 1385 erat,
1874 1338 1983 1377 inter

66 1409 334 1461 Presbyteros
381 1412 540 1463 recepti
554 1410 584 1449 3.
666 1410 966 1449 ordinabantur
1006 1410 1055 1449 ab
1098 1409 1304 1462 Episcopo
1349 1414 1391 1450 et
1433 1411 1691 1465 Presbyteris
1725 1414 1844 1467 juxta
1884 1428 1981 1456 con-

66 1489 337 1537 suetudinem,
369 1501 460 1540 quae
488 1489 723 1529 universalis
750 1489 879 1528 fuisse
906 1488 1080 1536 videtur,
1111 1489 1305 1541 cujusque
1332 1490 1375 1529 in
1400 1490 1541 1530 Africa
1566 1493 1683 1531 testis
1710 1497 1772 1532 est
1795 1505 1924 1533 canon
1940 1494 1981 1533 3.

67 1567 136 1616 qui
181 1566 365 1606 Concilio
414 1568 739 1621 Carthaginiensi
787 1567 855 1608 IV.
895 1580 1000 1607 anno
1037 1567 1134 1606 398.
1170 1567 1388 1616 tribuitur3
1439 1569 1549 1608 ubi:
1606 1571 1839 1624 Presbyter
1882 1586 1978 1612 cum

67 1645 328 1693 ordinatur,
359 1649 556 1700 episcopo
586 1661 685 1686 eam
722 1646 999 1687 benedicente
1031 1653 1075 1687 et
1110 1660 1284 1686 manum
1315 1660 1450 1700 super
1487 1655 1622 1700 caput
1657 1649 1753 1700 ejus
1782 1655 1977 1698 tenente,

66 1723 198 1762 etiam
235 1735 382 1762 omnes
417 1724 679 1777 presbyteri,
731 1725 804 1776 qni
835 1728 1080 1776 praesentes
1118 1728 1250 1770 sunt,
1296 1736 1452 1763 manus
1482 1736 1585 1763 snas
1616 1725 1753 1776 juxta
1799 1741 1976 1768 manum

107 1873 124 1920 ξ
150 1873 244 1908 Vide
262 1874 491 1920 Synodicam
500 1874 711 1918 Epistolam
724 1874 884 1908 Concilii
898 1874 990 1907 Car-
1131 1873 1325 1917 Episcopos
1336 1898 1348 1914 ‚
1369 1875 1555 1917 paulatim
1572 1888 1682 1918 -vero,
1720 1882 1763 1912 ut
1786 1879 1975 1914 dissensio-

153 1943 403 1989 thaginiensis
435 1944 498 1976 lv.
525 1954 619 1976 anno
650 1944 706 1979 24.
741 1943 787 1976 de
820 1942 990 1977 Basilide
1132 1953 1217 1975 num
1246 1942 1441 1986 plantaria
1471 1945 1739 1988 evellerentur,
1781 1947 1832 1982 ad
1863 1959 1973 1983 unum

154 2016 193 2047 et
210 2013 400 2054 Martiale,
419 2012 611 2056 Hispaniae
631 2011 825 2056 Episcopis
838 2011 989 2046 libella-
1130 2023 1265 2045 omnem
1286 2012 1561 2048 sollicitudinem
1587 2027 1661 2051 esse
1690 2016 1863 2051 delatam.
1912 2019 1971 2053 Si-

155 2080 241 2116 ticis
263 2082 363 2126 apud
390 2082 525 2115 Routh
551 2082 637 2117 Rel.
662 2092 774 2116 sacrae
793 2082 862 2115 III.
883 2093 918 2125 p.
932 2081 988 2116 80.
1129 2085 1191 2115 cut
1210 2092 1298 2126 ergo
1320 2082 1530 2127 Presbyteri
1546 2085 1675 2126 sciunt,
1701 2097 1738 2119 se
1758 2098 1801 2120 ex
1811 2088 1969 2122 ecelesiae

110 2164 129 2193 2
154 2164 274 2209 Epist.
298 2166 355 2200 85.
388 2166 486 2210 (102.
518 2166 556 2200 in
589 2167 645 2200 ed.
663 2166 840 2200 Mai-fian.
867 2167 989 2201 Tomo
1131 2150 1385 2184 &nsuetudine
1399 2152 1443 2192 εἷ’
1461 2152 1600 2195 wisan.
1610 2155 1824 2198 proep⁰⁸itu⁸
1835 2158 1968 2199 fucrit’

163 2210 227 2267 IVL
246 2246 280 2278 P.
300 2235 399 2281 303.)
424 2237 470 2270 ad
490 2236 739 2281 Evangelum·
782 2235 845 2269 Sic
875 2236 990 2270 etiam
1131 2231 1207 2253 esse
1235 2219 1424 2262 subjectos,
1454 2221 1509 2253 ita
1529 2222 1697 2266 Episcopi
1724 2225 1905 2267 noverint,
1931 2238 1968 2260 se

160 2303 449 2347 Chrysostomus
468 2305 641 2339 Romilia
651 2306 716 2339 XI.
729 2305 766 2339 in
785 2304 990 2340 lTimoth.
1130 2289 1252 2334 magis
1293 2290 1546 2324 ⁰⁰⁷‘Suetudine
1586 2303 1693 2335 quam
1730 2294 1967 2338 di⁸P⁰⁸it²⁰⁰²²i⁵

153 2372 224 2406 ΠΙ.
242 2371 277 2406 3·
331 2375 382 2419 Τῇ
410 2372 469 2421 7⁶29
493 2378 676 2422 χειροτονία
702 2373 785 2423 μόνῃ
810 2373 992 2421 ὑπέρβεβή-
1131 2358 1314 2392 dominicae
1334 2361 1488 2394 veritate
1501 2361 1719 2405 presbyteris
1743 2375 1818 2397 esse
1849 2365 1965 2407 majo—

154 2455 229 2476 κασι
253 2441 482 2487 (ἐπίσκοποι),
514 2446 567 2478 καὶ
597 2445 697 2479 τοῦτο
726 2442 827 2489 μόνον
856 2445 989 2478 δοκοῦσι
1129 2440 1198 2462 res·
1246 2429 1390 2463 Eadem
1423 2430 1531 2464 docet
1559 2432 1732 2465 Hllarffls
1751 2432 1964 2468 Pffltffl'ien·

1128 2498 1178 2531 sis
1202 2498 1240 2531 in
1261 2498 1291 2532 I.
1318 2499 1365 2533 ad
1386 2499 1556 2535 Timoth.
1575 2502 1664 2546 Cap.
1677 2500 1711 2536 3.
1742 2501 1830 2536 vide
1851 2514 1964 2548 supra

1127 2581 1163 2613 p.
1186 2568 1241 2603 5⁰.

157 2513 354 2546 πλεονεκτεῖν
382 2511 459 2551 τούς
485 2516 727 2560 πρεςρὐτέρους.
775 2514 824 2547 Et
846 2513 989 2547 iterum

151 2580 410 2625 Hieronymus
433 2580 471 2614 in
494 2581 613 2624 Epist.
632 2583 679 2615 ad
704 2582 835 2617 Titum
856 2583 988 2627 Cap.1.

152 2650 242 2684 Haeo
266 2655 480 2694 propterea,
515 2653 556 2682 ut
590 2650 854 2692 ostendamum,
890 2652 988 2695 apud
1081 2654 1101 2681 3
1122 2652 1164 2686 A.
1187 2665 1221 2697 p.
1248 2652 1287 2687 C.
1306 2652 1386 2688 247.
1422 2653 1602 2690 Pearsoni
1619 2654 1782 2690 Annales
1803 2654 1960 2700 Cypria-

150 2724 286 2754 veteres
319 2719 456 2753 eosdem
487 2719 606 2762 fuisse
646 2720 872 2764 presbyteros
903 2733 987 2766 quos
1069 2722 1071 2725 '
1126 2721 1202 2755 nici
1228 2734 1262 2767 p.
1286 2722 1320 2757 8.
