2341 3340
1037 142 1103 190 “75

116 286 313 334 easdem,
353 297 448 339 quoe
478 297 526 325 se
558 296 654 326 cum
686 283 793 324 viris
821 281 1045 323 dormiisse
1070 282 1285 333 ›consessae
1311 283 1416 332 sint,
1455 284 1715 329 adseverare
1743 302 1790 329 se
1823 291 2022 343 integros

116 378 221 405 esse.
279 363 435 403 Laudat
450 361 737 413 Pomponium,
762 359 870 411 quod
891 359 1001 398 hunc
1015 361 1258 400 Diaconum
1288 365 1331 401 et
1359 368 1554 410 caeteros,
1573 366 1645 417 qui
1662 380 1754 407 cum
1778 349 2020 421 virginibus

63 456 70 463 ’
117 442 306 483 dormire
335 442 650 487 consueverint,
691 439 967 486 abstinuerit,
1003 439 1242 489 suadetque,
1270 442 1328 487 ut,
1355 442 1397 480 si
1421 444 1740 495 poenitentiam
1769 448 1942 498 egerint
1976 454 2020 488 et

117 534 145 560 a
173 535 220 562 se
249 518 429 561 invicem
452 519 726 566 recesserint,
758 519 954 570 virgines
977 519 1269 573 inspiciantur
1302 518 1351 558 ab
1382 519 1674 562 obstetricibus
1692 523 1943 578 diligenter,
1976 534 2020 567 et

114 601 157 639 si
187 599 379 650 virgines
418 599 612 637 inventae
635 598 842 650 fuerint,
889 603 1067 651 accepta
1109 599 1493 638 communicatione
1527 599 1586 638 ad
1613 602 1833 643 ecclesiam
1862 604 2019 643 admit—

114 681 293 722 tantur,
333 675 486 716 addita
525 682 671 716 tamen
701 676 1081 723 interminatione,
1127 679 1195 723 ut,
1240 676 1276 715 si
1305 675 1355 714 ad
1384 676 1495 715 idem
1523 677 1616 717 vitae
1647 691 1775 730 genus
1809 681 2019 732 redierint,

112 755 320 808 graviore
352 768 535 796 censura
568 756 828 809 ejiciantur,
874 768 955 795 nec
983 756 1029 795 in
1062 755 1241 795 ecclesia
1268 755 1542 809 postmodum
1558 758 1703 809 facile
1733 759 2017 812 recipiantur.

109 833 164 874 Si
203 839 348 874 autem
389 834 443 874 de
482 836 543 874 eis
582 835 725 888 aliqua
769 838 980 888 corrupta
1007 835 1158 887 fuerit
1208 834 1499 888 deprehensa,
1560 841 1663 889 aget
1698 838 2018 890 poenitentiam

106 914 308 967 plenam,
354 914 453 966 quia
486 926 579 967 quoe
611 914 690 953 hoc
727 914 888 953 crimen
918 913 1137 961 admissit,
1184 926 1272 952 non
1308 915 1463 953 mariti
1497 914 1574 954 sed
1615 915 1781 954 Christi
1813 914 2018 955 adultera

111 999 190 1038 est,
222 997 267 1032 et
291 991 386 1031 ideo
408 993 623 1032 aestimato
645 992 768 1045 justo
793 996 999 1045 tempore,
1023 996 1193 1045 postea,
1225 993 1517 1046 exomologesi
1530 995 1677 1046 sacta,
1709 993 1768 1033 ad
1797 995 2018 1034 ecclesiam

109 1071 272 1111 redeat.
346 1069 485 1120 Itaque
522 1083 603 1108 non
645 1066 821 1121 virgines
861 1073 1039 1119 tantum,
1083 1070 1156 1109 sed
1199 1073 1241 1108 et
1278 1074 1473 1109 matronae
1516 1072 1585 1110 tali
1623 1071 1889 1110 contubernio
1932 1084 2017 1111 usae

107 1152 226 1198 sunt,
263 1148 307 1188 id
339 1148 450 1200 quod
485 1148 675 1200 Cypriani
707 1161 868 1200 quoque
901 1150 1023 1188 verba
1056 1149 1236 1188 indicant
1274 1149 1317 1187 in
1351 1149 1493 1188 eadem
1532 1150 1723 1201 epistola:
1786 1151 1840 1191 Si
1864 1164 2017 1205 super-

108 1230 286 1269 veniens
307 1230 491 1268 maritus
512 1241 716 1282 sponsam
738 1242 860 1269 suam
869 1229 1090 1282 jacentem
1114 1242 1206 1268 cum
1231 1229 1371 1267 altero
1392 1229 1551 1276 videat,
1582 1242 1729 1268 nonne
1753 1229 2017 1282 indignatur

108 1313 151 1347 et
168 1309 358 1359 fremit:²
414 1306 476 1345 Et.
499 1307 541 1345 in
573 1307 805 1345 univerSum
841 1319 960 1357 quam
997 1305 1145 1344 foedus
1177 1306 1230 1345 sit
1271 1307 1391 1345 hicce
1425 1307 1573 1346 abusus
1613 1306 1804 1348 ostendit.
1874 1309 2016 1355 Certe,

107 1387 285 1439 inquit,
309 1387 418 1439 ipse'
441 1385 713 1434 concubitus,
763 1387 854 1439 ipse
896 1386 1165 1439 complexus,
1208 1387 1303 1440 ipsa
1338 1387 1634 1437 confabulatio
1664 1393 1707 1426 et
1743 1387 2016 1434 inosculatio,

107 1470 152 1505 et
179 1465 500 1517 conjacentium
538 1464 723 1504 duorum
760 1465 902 1519 turpis
939 1469 983 1504 et
1008 1464 1149 1516 foeda
1185 1464 1420 1512 dormitio,
1465 1471 1673 1519 quantum
1713 1465 1935 1505 dedecoris
1973 1470 2018 1506 et

109 1545 304 1583 criminis
342 1543 608 1596 confltetur?
665 1542 788 1582 Haud
823 1545 959 1582 tamen
995 1543 1195 1582 sublatum
1239 1544 1282 1582 in
1319 1543 1457 1583 Africa
1495 1543 1574 1582 suit
1613 1542 1875 1591 scandalum;
1923 1556 2017 1582 nam

107 1621 352 1660 cohabitatio
385 1624 665 1660 extranearum
695 1621 938 1660 feminarum
971 1635 1063 1661 cum
1095 1623 1279 1670 clericis,
1318 1622 1406 1674 jam
1435 1623 1477 1661 in
1513 1622 1686 1661 Concilii
1714 1621 1871 1661 Nicaeni
1914 1635 1948 1661 c.
1977 1622 2017 1661 3.

108 1702 149 1738 et
176 1699 380 1750 Ancyrani
411 1712 445 1736 c.
470 1699 535 1736 19.
568 1699 784 1749 prohibita,
814 1701 856 1738 in
886 1699 1286 1739 Carthaoeiuiensibus
1319 1700 1493 1751 Synodis
1523 1699 1553 1739 I.
1578 1714 1664 1740 can.
1686 1700 1726 1739 3.
1759 1699 1808 1738 11.
1834 1712 1920 1740 can.
1951 1699 2016 1740 17.

106 1776 174 1817 lv.
197 1791 282 1817 can.
315 1777 382 1816 46.
414 1779 463 1816 iis
491 1778 638 1816 iterum
667 1777 896 1827 iterumque
926 1778 1143 1817 interdicta
1173 1778 1380 1829 legion-25.

283 1855 322 1894 6.
380 1855 441 1893 De
472 1854 659 1904 superbia
691 1864 853 1903 quoque
885 1853 1068 1901 Diaconi‚
1101 1855 1169 1904 qui
1190 1855 1459 1907 Rogatianum
1484 1856 1732 1908 Episcopum
1761 1857 2016 1896 contumeliis

105 1933 442 1980 exacerbaverat,
490 1932 688 1970 habemus
727 1931 939 1986 epistolam
979 1931 1172 1984 Cypriani
1208 1933 1246 1972 3.
1275 1947 1313 1986 p.
1341 1933 1382 1972 5.
1446 1934 1492 1973 In
1530 1935 1635 1974 libro
1676 1934 1728 1973 de
1762 1935 1885 1986 lapsis
1920 1935 2017 1975 vitia

105 2012 398 2065 Episcoporum
419 2014 461 2050 et
473 2010 763 2050 confessorum
787 2022 928 2049 severe
951 2010 1164 2062 vituperat,
1191 2012 1256 2051 his
1281 2014 1591 2060 temulentiam,
1611 2013 1815 2065 fraudes,
1845 2020 2014 2068 stupra,

106 2090 340 2138 adulteria,
376 2090 457 2129 illis
486 2090 848 2136 nundinationes,
887 2089 974 2127 aliis
995 2091 1201 2143 perjuria
1233 2096 1289 2131 et.
1308 2092 1504 2144 augendi
1521 2093 1786 2145 patrimonii
1805 2092 2011 2140 studium,

106 2169 398 2209 sacerdotibus
437 2182 600 2222 parum
647 2167 847 2206 devotam
887 2168 1144 2220 religionem
1194 2169 1356 2220 objicit3
1409 2182 1498 2219 quae
1540 2169 1704 2220 quidem
1748 2172 1882 2210 omnia
1918 2170 2013 2209 satis

107 2245 347 2294 ostendunt,
398 2247 610 2286 ecclesiam
647 2244 883 2285 Africanam
924 2245 1115 2298 Cypriani
1148 2247 1234 2299 jam
1281 2252 1464 2300 tempore
1508 2261 1531 2288 a
1568 2249 1743 2301 puritate
1784 2247 2012 2288 Christiana

105 2323 226 2374 longe
257 2323 476 2364 aberrasse.

199 2512 285 2544 rant
320 2507 544 2542 clericorum
567 2520 712 2543 uxores.
762 2508 825 2543 Sic
851 2508 1037 2543 Therasia
1106 2508 1143 2537 25
1167 2510 1226 2545 Cf.
1251 2510 1461 2557 Binghami
1487 2511 1592 2558 Orig.
1615 2511 1665 2546 11.
1690 2522 1725 2555 p.
1743 2509 1824 2546 339.

199 2577 352 2613 Paulini
388 2575 524 2610 Nolani
563 2577 694 2613 amica.
751 2578 852 2614 Idae.
889 2578 929 2613 in
957 2578 1038 2614 vita

203 2645 366 2682 Paulini.
