2341 3340
1181 179 1280 226 180

263 325 448 366 civilibus
477 326 711 374 concitata,
759 329 801 365 et
839 324 1082 365 Christianis
1119 324 1307 373 infensa,
1353 325 1494 365 hostes
1534 324 1683 379 Populi
1714 325 1915 376 Romani,
1957 327 2192 381 Principum

259 404 553 454 Romanorum,
585 405 806 457 irreligiosi
836 406 880 445 in
910 404 1107 454 Caesares,
1147 405 1287 454 itaque
1317 405 1540 457 majestatis
1568 407 1630 445 rei
1659 406 1940 456 habebantnr3
1988 419 2109 458 quam
2139 409 2191 449 ob

262 496 444 533 causam,
487 498 612 536 quum
648 484 690 523 in
735 485 824 524 istis
868 484 921 524 de
968 470 1114 536 quibus
1160 484 1337 523 diximus
1391 485 1698 525 celebritatibus
1748 485 1988 538 gladiatoria
2029 499 2192 540 quoque

259 576 442 612 munera,
479 576 710 615 pugnaeque
743 576 836 604 cum
859 565 1002 606 bestiis
1022 563 1331 612 exhiberentur,
1361 563 1575 616 plebecula
1604 579 1627 604 a
1649 565 1804 605 Judaeis
1834 578 1880 621 ac
1910 566 2192 607 sacerdotibus

218 660 220 664 ’
261 646 372 682 mota
419 642 657 694 sanguinem
701 642 1027 684 Christianorum
1072 656 1247 696 poscere
1297 643 1487 693 solebat;
1546 645 1692 695 quibus
1735 645 1901 697 quidem
1947 646 2192 686 clamoribus

262 719 513 774 imperator,
555 723 627 762 ubi
658 736 839 776 praesens
871 727 993 772 esset,
1025 723 1137 763 haud
1169 723 1317 772 cessit,
1362 736 1456 763 nam
1497 722 1550 762 de
1580 725 1805 763 constantia
1838 724 1931 777 ‘ejus
1963 723 2191 780 (constan-

262 802 475 842 tissimum
499 805 745 857 principem
789 803 889 843 dicit
926 802 1204 843 Tertullianus
1238 802 1413 855 Apolog.
1452 816 1487 843 c.
1522 799 1586 856 4.)
1628 803 1816 855 intelligo
1852 803 1976 856 hujus
2015 783 2192 844 auctoris

261 881 541 920 testimonium
570 893 691 932 supra
719 881 911 931 adlatum,
950 896 1046 922 eum
1078 884 1241 937 populo
1262 884 1449 934 furenti
1475 883 1521 923 in
1551 896 1598 924 os
1627 884 1845 924 restitisse
1874 882 1946 931 (ad
1972 881 2193 934 Scapulum

262 971 298 999 c.
320 959 378 1009 4.)
417 959 531 1011 cujus
570 959 737 1010 quidem
773 960 1013 999 constantiae
1054 958 1312 1000 declarandae
1351 964 1447 1002 ante
1487 965 1530 1001 et
1568 965 1662 1015 post
1698 965 1935 1015 susceptum
1974 962 2194 1015 imperium

261 1039 521 1080 occasionem
551 1038 660 1078 haud
694 1038 820 1079 dubie
845 1039 1086 1092 frequenter
1115 1039 1274 1079 habuit.

439 1116 482 1158 5.
539 1116 878 1180 Proconsulatum
906 1119 950 1158 in
982 1118 1123 1159 Africa
1151 1118 1223 1158 illa
1255 1121 1378 1159 aetate
1407 1120 1534 1173 gessit
1564 1121 1627 1162 M.
1663 1109 1877 1175 Vigellius
1904 1106 2192 1170 Saturninus,

263 1198 333 1250 qui
360 1201 468 1238 teste
498 1196 756 1238 Tertulliano
784 1198 857 1253 (ad
885 1197 1101 1251 Scapulam
1133 1211 1168 1238 c.
1196 1198 1255 1249 3.)
1286 1201 1456 1254 primus
1483 1201 1679 1254 gladium
1707 1202 1754 1240 in
1784 1201 2057 1252 Christianos
2086 1201 2192 1254 egit,

264 1281 306 1318 et
349 1278 425 1318 sub
459 1290 548 1329 *quo
588 1278 795 1330 Martyres
835 1276 1037 1318 Seillitani
1085 1280 1193 1332 passi
1235 1283 1330 1319 sunt
1347 1279 1395 1318 33.
1470 1279 1638 1320 Diverse
1679 1280 1768 1333 ejus
1804 1292 1955 1319 nomen
1991 1279 2193 1319 scribitur.

264 1355 456 1397 Scilicet:
488 1358 549 1398 M.
583 1359 752 1398 Gellius
780 1358 1075 1406 Saturninus,
1119 1359 1302 1411 Valgius
1331 1358 1624 1407 Saturninus,
1669 1360 1872 1401 Vitellius
1903 1358 2192 1406 Saturninus,

262 1448 435 1488 quorum
481 1437 639 1476 nullum
679 1437 829 1488 legitur
865 1434 914 1476 iu
950 1437 1067 1478 fastis
1108 1437 1407 1477 consularibus.
1491 1437 1658 1477 Habent
1701 1441 1838 1477 autem
1879 1437 1924 1476 hi
1971 1438 2194 1478 Tiberium

261 1517 501 1557 Haterium
529 1516 839 1564 Saturninum,
871 1516 941 1567 qui
973 1516 1117 1555 consul
1145 1515 1348 1568 processit
1377 1528 1412 1555 a.
1441 1529 1481 1555 u.
1510 1516 1664 1566 2951,
1696 1519 1789 1569 post
1817 1515 2025 1556 Christum
2052 1514 2192 1557 19834.

260 1593 350 1635 Nec
377 1595 513 1651 video,
548 1593 663 1634 curni
694 1594 816 1634 liceat
848 1597 1042 1644 statuere,
1073 1608 1168 1635 eum
1193 1595 1360 1635 biennio
1390 1598 1461 1635 aut
1487 1594 1668 1635 triennio
1699 1599 1794 1648 post
1823 1595 2056 1635 abdicatum
2085 1594 2193 1635 Con-

260 1675 436 1716 sulatum
472 1673 524 1714 ad
555 1673 780 1726 regendam
815 1674 998 1715 Africam
1035 1689 1059 1715 a
1100 1674 1253 1715 Senatu
1288 1675 1474 1715 Romano
1511 1675 1681 1714 missum
1715 1674 1844 1714 fuisse
1865 1674 1914 1713 35.
1972 1673 2058 1713 Sed
2090 1674 2194 1716 alius
2258 1718 2260 1720 ,

261 1765 428 1806 quoque>
448 1753 577 1793 fuisse
606 1758 756 1806 potest.
814 1753 916 1793 Nam
942 1752 1254 1795 Saturninorum
1286 1767 1514 1806 cognomen
1537 1754 1678 1808 primis
1707 1757 1800 1806 post
1816 1753 2026 1794 Christum
2053 1758 2193 1795 natum

261 1824 412 1874 seculis
434 1834 631 1884 frequens
646 1833 774 1873 fuisse
789 1827 841 1873 'et
870 1834 983 1873 numi
1015 1837 1057 1873 et
1073 1847 1275 1874 marmora
1292 1837 1507 1874 testantur.
1568 1833 1643 1875 Vir
1656 1835 1831 1876 mitioris
1855 1838 1941 1874 erat
1956 1834 2126 1887 ingenii,
2149 1834 2192 1874 id

262 1914 372 1966 quod
393 1913 501 1953 infra
525 1912 778 1952 ostendetur.
836 1912 932 1965 Egit
960 1913 1085 1965 igitur
1098 1912 1381 1952 tantummodo
1410 1913 1637 1965 exlegibus
1655 1913 1835 1966 Trajani,
1865 1914 2192 1964 clamoribusque

262 1992 402 2045 populi
423 1995 601 2032 coactus.
657 1990 803 2042 Neque
822 1995 959 2032 tamen
972 1993 1176 2045 impedire
1196 1993 1343 2044 potuit,
1373 2004 1454 2043 quo
1474 1992 1609 2031 minus
1624 1993 1667 2031 in
1685 1991 1939 2032 Christianos
1967 1992 2191 2032 saeviretur.

263 2072 335 2112 Ad
367 2072 532 2111 leonem
564 2071 675 2110 enim
715 2071 881 2123 petebat
919 2071 1035 2123 plebs
1080 2070 1278 2126 (Apolog.
1310 2083 1345 2110 c.
1370 2066 1489 2123 42.);
1541 2074 1584 2110 et
1614 2071 1734 2111 variis
1762 2072 1896 2122 iisque
1927 2070 2192 2111 atrocissimis

264 2150 478 2189 tormentis
521 2153 688 2190 vexatos
726 2149 857 2190 fuisse
897 2149 1173 2199 Christianos,
1211 2150 1492 2189 Tertullianus
1525 2149 1701 2203 Apolog.
1731 2161 1768 2190 c.
1801 2149 1868 2189 12.
1903 2151 2190 2202 conqueritur:

358 2309 482 2341 morat
504 2305 766 2342 Christianum
799 2308 956 2342 domum
987 2318 1032 2341 ex
1064 2307 1204 2342 itinere
1347 2307 1603 2353 Vigelliorum
1619 2305 1872 2352 Epitaphium
1888 2307 1990 2352 apud
2002 2306 2189 2343 Maffeum

357 2387 568 2418 reversum,
598 2377 664 2421 qui
688 2389 787 2423 aegre
813 2377 982 2419 tulisset,
1016 2378 1116 2422 quod
1144 2378 1204 2413 fe-
1345 2370 1445 2412 Mus.
1466 2378 1602 2412 Veron.
1631 2389 1668 2422 p.
1685 2376 1766 2412 3⁰5.
1791 2388 1851 2412 no.
1871 2376 1906 2412 9.
1931 2377 2100 2412 indicare
2129 2377 2188 2412 vi-

360 2447 469 2482 milia
508 2446 589 2490 ejus
615 2447 775 2490 januam
808 2458 947 2482 corona
974 2438 1156 2483 ornasset.
1347 2447 1460 2482 detur
1479 2447 1664 2482 Marcello
1682 2448 1734 2484 ΙΙ.
1759 2460 1795 2493 p.
1818 2447 1875 2484 48.
1925 2448 2037 2482 Hanc
2054 2447 2189 2482 Satur-

288 2566 323 2593 33
355 2565 385 2600 L
441 2566 463 2599 d
572 2565 581 2574 ⁸
670 2574 690 2598 a
749 2566 771 2599 d
816 2565 863 2599 D·
1027 2565 1057 2599 C
1123 2565 1134 2574 ⁶
1343 2518 1423 2553 nini
1446 2518 1752 2563 persecutionem
1781 2518 1915 2553 refert.
1943 2518 1992 2553 ad
2022 2528 2081 2552 an.
2105 2516 2186 2553 198.

358 2575 637 2670 Βῗιῖζξῌῗιῖ
661 2576 744 2670 111ῗη
767 2576 1027 2679 ΝΟΠΞΞΞΘΞΞῊ
1060 2576 1203 2672 gigig:
1274 2611 1311 2640 34
1335 2612 1582 2647 Almeloveeu
1613 2611 1719 2647 Fasti
1747 2610 1971 2673 Consulares
1995 2621 2031 2655 p.
2056 2609 2139 2656 528.

357 2707 424 2741 stis
457 2705 729 2740 Consului-ibus
760 2707 866 2741 haud
894 2707 1033 2752 reperi.
1081 2707 1199 2750 Huic,
1270 2705 1306 2735 35
1329 2706 1518 2741 Fortassis
1546 2705 1663 2742 etiam
1684 2705 1828 2748 statim,
1854 2702 1945 2740 licet
1965 2702 2091 2739 rarius
2115 2703 2188 2739 hoe

357 2780 399 2811 ut
421 2776 523 2818 filiis,
545 2787 752 2822 pronomen
772 2776 906 2811 Marco
928 2777 1060 2820 fuisso,
1087 2780 1197 2812 vetus
1341 2777 1487 2812 factum
1516 2777 1577 2812 sit.
