2341 3340
1046 135 1141 182 191

152 278 315 318 condita
339 278 519 318 fuerunt.
583 277 629 317 In
667 276 808 317 eadem
838 276 916 315 hac
944 274 1193 327 Augustinus
1220 275 1495 327 Hipponensis
1526 276 1753 330 Episcopus
1783 277 1941 318 duobus
1968 281 2062 331 post

152 357 299 396 seculis
334 357 476 395 habuit
515 368 745 407 sermonem
780 367 920 393 eorum
956 353 998 392 in
1042 353 1241 391 honorem
1280 351 1369 405 (ed.
1398 354 1552 393 Bened.
1584 355 1701 394 Tom.
1728 356 1767 395 5.
1798 370 1930 396 sermo
1960 357 2059 408 155>

151 435 200 474 ab
232 436 310 474 alio
344 435 570 487 deperdito,
607 446 724 484 quem
749 432 880 471 refert
911 431 1121 471 Possidius
1147 432 1189 470 in
1216 430 1423 479 indiculo,
1463 445 1498 470 c.
1526 433 1566 471 9.
1594 448 1675 487 per
1716 436 1921 476 Natalem
1950 437 1995 476 S.
2027 437 2064 477 S

153 513 403 566 BIartyrzcm
442 513 795 558 Scillz‘tanorzcm,
844 510 1042 549 Ruinarto
1064 509 1227 562 judice,
1269 509 1486 549 diversum.
1552 510 1696 550 Mirari
1726 516 1908 552 ceterum
1939 515 2060 563 subit,

152 591 299 631 horum
332 590 557 642 Martyrum
591 590 696 641 apud
729 589 1055 637 Tertullianum,
1098 589 1167 640 qui
1202 592 1338 627 tamen
1368 586 1409 625 S.
1438 586 1683 638 Perpetuam
1713 591 1860 640 habet,
1910 592 2061 631 nullam

151 669 323 708 inveniri
364 669 629 707 mentionem.
707 666 920 720 Leguntur
967 680 1063 706 vero
1112 667 1156 708 in
1202 670 1282 706 vet.
1326 664 1570 706 Kalendario
1627 664 1948 720 Carthaginiensi
1998 683 2060 723 ap.

151 746 338 786 Ruinart.
377 760 416 799 p.
447 746 542 785 (594.
581 745 673 785 add.
700 745 788 785 XV.
820 745 906 784 Kal.
938 745 1123 797 Augusti.

330 825 371 864 3.
427 825 595 873 Nescio,
636 838 687 864 an
713 824 764 863 ad
793 824 904 863 idem
931 824 1011 863 hoc
1038 827 1200 876 tempus
1234 823 1497 863 referendum
1529 824 1582 864 sit
1609 824 1783 873 factum,
1820 824 1929 876 quod
1958 823 2061 864 Ter-

151 905 362 945 tullianum
391 903 442 943 ad
472 904 619 942 librum
654 903 706 941 de
739 915 889 942 corona
925 902 1063 941 militis
1101 914 1206 941 anno
1239 903 1336 941 201.
1375 902 1634 942 scribendum
1670 903 1830 955 impulit
1845 902 1873 941 ⁶.
1938 903 2063 943 Miles

151 984 342 1022 nimirum
372 981 626 1019 Christianus
653 981 829 1020 lauream
869 984 1115 1020 castrensem
1154 981 1276 1032 capiti
1313 981 1524 1033 imponere
1557 982 1762 1030 noluerat,
1803 982 2063 1034 gladiumque

151 1065 297 1113 postea·
318 1059 565 1106 reddiderat,
599 1063 640 1098 et
672 1059 724 1098 ob
752 1059 796 1097 id
826 1072 958 1111 poena
987 1058 1173 1097 adfectus
1205 1059 1351 1109 fuerat,
1386 1060 1586 1099 incertum
1615 1064 1751 1099 tamen
1781 1073 1831 1099 an
1856 1061 2061 1112 capitali73

151 1152 245 1180 nam
272 1138 396 1177 verba
416 1137 658 1176 Tertulliani
694 1150 729 1176 c.
760 1138 787 1176 l.
813 1137 919 1176 hanc
948 1137 1058 1176 haud
1086 1137 1288 1187 indicant,
1327 1151 1472 1190 quam,
1513 1139 1548 1177 si
1576 1138 1695 1177 militi
1722 1138 1875 1178 inflicta
1903 1139 2062 1189 fuisset,

151 1205 263 1256 haud
303 1216 427 1255 dubie
467 1216 555 1255 sine
606 1216 838 1268 ambagibus
883 1216 1102 1256 retulIsset.
1186 1217 1275 1266 Qua
1312 1216 1365 1255 de
1405 1228 1453 1255 re
1491 1229 1616 1267 quum
1659 1216 1818 1255 diverse
1864 1218 2064 1257 sentirent

154 1296 396 1344 Christiani,
448 1298 489 1333 et
523 1295 808 1347 prudentiores
849 1293 1012 1343 quidem
1053 1294 1309 1347 abruptum,
1356 1295 1651 1348 praecipitem,
1704 1296 1819 1334 mori
1858 1296 2062 1350 cupidum

152 1376 364 1415 hominem
401 1373 701 1424 vituperarent,
739 1370 1038 1418 Tertullianus,
1079 1370 1328 1411 Montanista
1356 1372 1443 1424 jam
1474 1372 1635 1421 factus,
1670 1372 1801 1421 libro,
1843 1373 1877 1412 si
1909 1373 2063 1413 factum

152 1453 197 1493 in
235 1456 418 1505 tempora
453 1450 681 1503 Martyrum
714 1448 1016 1501 scillitanorum
1054 1450 1192 1499 cadit,
1235 1452 1355 1502 paulo
1397 1451 1553 1499 serius,
1596 1463 1701 1489 anno
1739 1451 1928 1489 nimirum
1967 1451 2064 1490 201.

154 1531 266 1570 edito
292 1530 489 1577 laudavit,
528 1530 742 1581 primoque
761 1529 1027 1578 quaestionem
1056 1528 1196 1575 movit,
1236 1530 1423 1570 liceatne
1450 1530 1699 1570 Christiano
1733 1528 1866 1583 capz‘ct
1903 1543 2063 1570 corona

155 1623 344 1656 ornare,
396 1607 492 1647 dein
537 1622 560 1648 a
599 1621 685 1660 cap.
717 1606 813 1646 inde
843 1606 910 1645 11.
956 1621 1014 1647 an
1053 1609 1100 1648 in
1134 1613 1272 1647 totum
1306 1608 1568 1648 Christianis
1606 1608 1765 1646 militia
1807 1609 2064 1655 conveniat,-

154 1700 254 1739 quas
286 1686 451 1738 quidem
481 1687 725 1738 quaestiones
754 1685 958 1736 quomodo
988 1686 1172 1733 solverit,
1207 1697 1256 1723 ex
1287 1687 1396 1724 omni
1423 1686 1511 1738 ejus
1545 1685 1747 1724 sentiendi
1778 1686 2064 1736 statuendique

153 1767 312 1806 ratione
365 1765 486 1804 facile
531 1765 794 1817 intelligetur.
870 1764 1048 1804 Militem
1101 1775 1198 1802 vero
1242 1764 1355 1803 illum
1408 1767 1502 1802 ante
1544 1765 1873 1815 persecutionem
1921 1764 2064 1806 Severi

155 1856 345 1883 coronam
367 1844 570 1895 respuisse
587 1843 796 1896 probabile
818 1843 878 1892 fit,
908 1854 958 1881 eo
982 1841 1091 1892 quod
1110 1854 1242 1893 poena
1272 1842 1450 1893 capitalis
1482 1842 1520 1880 ei
1547 1831 1700 1880 inflicta
1729 1842 1836 1881 haud
1863 1840 2068 1895 expressis*

153 1924 288 1963 verbis
319 1925 668 1962 commemoratur.
734 1920 953 1971 Postquam
982 1921 1090 1959 enim
1124 1921 1214 1959 haec
1244 1923 1472 1967 exarserat,
1515 1921 1556 1958 in
1596 1920 1832 1972 hujusmodi
1868 1921 2062 1962 delictum

158 2005 270 2041 certe
305 2013 385 2038 non
420 2001 566 2039 minori
594 2012 725 2053 poena
761 1999 1025 2040 animadverti
1054 1999 1187 2051 potuit
1217 2012 1239 2038 a
1268 1997 1422 2050 Legato
1452 1998 1662 2052 LegioniS,
1702 2000 1780 2038 nisi
1813 2000 1900 2052 ipse
1931 2001 2063 2053 capite

155 2077 379 2130 periclitari
409 2077 545 2116 vellet.
1137 2081 1141 2083 ’

206 2229 224 2256 Β
246 2230 449 2268 Morcellus
469 2230 519 2264 II.
546 2243 579 2274 p.
603 2231 659 2266 97.
687 2231 762 2265 hoc
790 2232 934 2266 factum
965 2231 1086 2265 refert
1177 2231 1195 2256 ⁷
1222 2225 1301 2266 Sub
1312 2231 1520 2265 Maximino
1543 2231 1648 2275 ponit
1662 2232 1872 2268 Tillemont
1891 2234 2062 2270 Histoire

255 2300 301 2334 ad
324 2311 381 2334 an.
401 2300 480 2334 237.
529 2300 583 2333 Ea
611 2303 739 2334 autem
773 2304 878 2335 aetate
901 2301 1086 2335 Tertulli-
1228 2302 1292 2335 des
1315 2301 1543 2345 Empereurs
1561 2301 1631 2336 111.
1660 2313 1694 2346 p.
1716 2302 1794 2336 2⁸0.

254 2379 367 2403 anum
396 2370 520 2404 adhuc
547 2369 584 2404 in
609 2369 708 2404 vivis
738 2369 870 2412 fuisse,
897 2370 1000 2403 credi
1022 2370 1087 2405 vix

253 2443 388 2482 potest.
