2341 3340
1191 145 1292 194 118

1012 283 1236 345 cAR
1327 286 1483 379 xx,

1060 385 1440 428 HAERESES.

378 533 477 606 De
506 558 664 612 ingenti
692 558 853 614 agmine
884 561 1150 601 sectariorum
1179 573 1256 614 per
1291 560 1522 601 universam
1551 559 1735 602 Africam
1764 571 1995 615 sparsorum
2022 559 2216 614 Cypriani

280 638 559 680 testimonium
586 638 738 692 legitur
758 640 929 693 epistola
956 639 1023 680 73.
1050 654 1089 693 p.
1105 640 1199 680 199.
1231 640 1302 680 ubi
1334 640 1457 680 dicit:
1496 642 1657 682 multos
1687 655 1778 682 esse
1803 655 1943 683 annos
1971 647 2015 682 et
2039 642 2216 694 longam

282 724 483 767 oetatem,
530 732 584 760 ea·
618 733 697 774 quo
727 719 802 761 sab
833 721 1083 776 Agrippino
1117 721 1194 762 hoc
1226 721 1493 768 statuerint,
1536 724 1585 760 ut
1624 720 1960 774 baptizarentur
1994 722 2029 762 ii
2058 722 2135 776 qai
2161 713 2213 760 ab

284 799 506 839 haereticis
539 798 598 839 ad
625 800 850 840 ecclesiam
879 800 1077 848 veniant,
1106 805 1234 854 atque
1267 798 1424 840 exinde
1450 800 1497 840 in
1521 799 1777 840 hodiernum
1807 803 1871 840 tot
1901 802 2040 841 millia
2072 801 2212 842 hoere—

283 878 471 917 tinorum
500 878 547 916 in
584 878 825 930 provinciis
865 880 1030 919 nostris
1064 879 1124 919 ad
1157 879 1381 918 ecclesiam
1418 891 1649 919 conversos
1683 892 1772 919 non
1806 885 2068 933 aspernatos
2102 871 2214 927 esse,

282 969 417 1008 neque
448 959 700 1003 cunctatas,
739 956 823 995 imo
854 961 899 996 et
925 957 1253 996 rationabiliter
1282 961 1326 996 et
1355 957 1540 997 libenter
1567 959 1791 1011 amplexos
1820 971 1926 1006 esse,
1969 963 2021 999 ut
2045 959 2218 999 lavacri

282 1035 432 1075 vitalis
462 1041 508 1074 et
534 1032 747 1074 salntaris
788 1034 995 1089 baptismi
1026 1036 1637 1088 gratiam>consequerentur.
1710 1036 1843 1087 Quem
1877 1037 2044 1087 quidem
2079 1038 2216 1078 locum

280 1124 401 1166 supra
432 1112 546 1168 (CAP.
575 1115 633 1163 v.)
671 1113 877 1153 attulimus
919 1112 971 1153 ad
1000 1113 1285 1166 probandum,
1328 1112 1547 1166 Agrippini
1568 1113 1656 1166 jam
1688 1118 1874 1168 tempore
1905 1116 2214 1157 Christanorum

279 1192 323 1233 in
354 1192 497 1233 Africa
530 1205 748 1233 numerum
782 1192 901 1232 valde
936 1193 1188 1243 accrevisse,
1232 1204 1355 1244 quum
1384 1194 1428 1233 in
1459 1194 1509 1233 iis
1545 1198 1703 1235 tantum
1744 1194 2035 1236 haereticorum
2069 1208 2216 1249 agmen

281 1284 372 1313 esse
399 1272 594 1326 potuerit.
664 1271 804 1324 Itaque
841 1273 899 1312 nil
939 1273 1110 1322 mirum,
1159 1272 1195 1312 si
1229 1271 1528 1314 Tertullianum
1564 1278 1627 1314 tot
1665 1275 1859 1316 adversus
1899 1287 1969 1315 eos
2012 1275 2217 1315 volumina

281 1351 463 1393 edidisse
491 1352 766 1405 reperiamus:
816 1364 895 1392 nec
927 1350 1183 1405 vituperandi
1212 1351 1256 1401 ii,
1298 1352 1368 1403 qui
1397 1366 1539 1393 omnes
1575 1354 1673 1394 istas
1710 1359 1844 1395 sectas
1883 1355 1927 1394 in
1959 1355 2047 1408 ipsa
2075 1354 2217 1395 Africa

281 1444 352 1471 sua
391 1433 584 1472 habuisse
619 1431 886 1472 conciliabula
921 1434 1124 1480 statuunt,
1169 1425 1348 1485 quamvis
1381 1433 1523 1486 negari
1561 1437 1761 1484 nequeat,
1802 1434 2015 1474 doctorem
2047 1434 2217 1475 Cartha-

281 1511 523 1564 giniensem,
554 1512 623 1562 qui
645 1516 804 1563 tempus
824 1510 991 1562 aliquod
1005 1511 1148 1551 Romae
1165 1507 1432 1564 transegerat,
1458 1512 1675 1552 nonnullos
1692 1525 1855 1564 quoque
1872 1513 1998 1555 libros
2022 1512 2217 1553 adversus

280 1590 498 1630 hoereticos
519 1590 744 1631 Romanam
773 1589 990 1630 ecclesiam
1018 1590 1283 1640 infestantes,
1325 1591 1495 1643 aliisque
1526 1591 1570 1631 in
1604 1591 1841 1644 regionibus
1879 1592 2216 1645 propullulantes‚

281 1680 453 1721 quorum
484 1670 670 1710 notitiam
702 1668 898 1718 habebat,
942 1670 1028 1710 sive
1066 1683 1137 1711 eos
1175 1672 1265 1724 ipse
1299 1671 1599 1720 observaverit,
1641 1672 1727 1711 sive
1759 1686 1781 1712 a
1806 1671 1962 1712 Graecis
1995 1670 2215 1723 accep-erit,

280 1750 463 1790 scribere
494 1750 688 1802 potuisse.
747 1748 937 1790 Attamen
971 1750 1202 1802 complures
1231 1750 1354 1790 etiam
1376 1750 1419 1791 in
1441 1750 1582 1791 Africa
1610 1750 1754 1801 fuisse,
1785 1764 1809 1791 e
1837 1751 1972 1791 verbis
1998 1750 2085 1804 ejus
2116 1749 2214 1790 satis

281 1833 481 1882 apparet:
528 1834 570 1869 et
608 1830 717 1869 inter
749 1829 827 1869 hos
863 1829 973 1869 haud
1018 1829 1143 1869 dubie
1176 1829 1359 1869 eminent
1400 1831 1618 1879 Gnostici,
1669 1843 1771 1882 quos
1808 1830 2036 1870 Marcellus
2069 1829 2215 1881 primae

279 1909 575 1960 persecutionis
608 1923 630 1949 a
660 1908 812 1948 Severo
845 1909 886 1948 in
915 1907 1056 1947 Africa
1084 1911 1206 1948 motae
1235 1910 1422 1963 tempore
1451 1910 1635 1962 erupisse
1667 1908 1844 1951 statuit1.
1890 1908 1938 1950 In
1964 1898 2080 1949 hisce
2112 1919 2211 1950 v-ero

287 1988 564 2028 Marcionitae
593 1987 830 2041 primarium
859 1989 1059 2039 occupant
1085 1986 1236 2027 locum.

462 2066 500 2106 1-
559 2068 832 2109 Marcionem
861 2067 984 2117 enim,
1021 2066 1090 2118 qui
1118 2066 1317 2119 plurimos
1343 2067 1487 2108 habuit
1517 2067 1758 2122 discipulos,
1791 2068 1836 2108 in
1865 2067 2006 2108 Africa
2046 2078 2210 2120 quoque

280 2145 392 2186 haud
421 2146 479 2186 ita
509 2159 660 2199 paucos
689 2159 830 2186 secum
863 2146 1138 2200 conjunxisse,
1170 2147 1234 2187 vel
1261 2159 1312 2187 ex
1339 2159 1389 2187 eo
1418 2150 1543 2202 patet,
1575 2148 1687 2200 quod
1718 2162 1740 2189 a
1757 2146 2012 2187 Tertulliano
2041 2149 2106 2187 ter
2130 2145 2213 2186 fuit

281 2226 496 2267 refutatus.
553 2225 609 2266 Et
627 2227 760 2280 primo
781 2224 948 2277 quidem
966 2231 1225 2281 properato,
1258 2229 1305 2267 ut
1319 2225 1432 2277 dicit,
1461 2229 1682 2283 opusculo,
1712 2226 1821 2279 quod
1833 2228 2035 2282 pleniore
2053 2231 2208 2281 post-ea

281 2307 590 2362 compositione
626 2306 880 2348 resciderat.
936 2304 1058 2345 Hunc
1093 2316 1191 2346 vero
1224 2305 1433 2356 libellum,
1468 2319 1591 2359 quum
1621 2306 1734 2347 furto
1766 2307 1804 2346 ei
1833 2306 1982 2346 fuisset
2012 2303 2209 2354 ablatus2,

328 2464 343 2492 1
372 2465 561 2500 Provocat
592 2464 639 2498 ad
671 2462 765 2498 libri
795 2463 987 2510 Scor-piace
1015 2474 1111 2499 anno
1137 2463 1221 2500 204.
1316 2464 1334 2493 2
1357 2463 1453 2499 Adv.
1482 2463 1718 2498 Marcionem
1750 2462 1835 2498 Lib.
1866 2463 1898 2499 Ι.
1935 2474 1977 2515 ⁰3,
1996 2462 2031 2499 1.
2077 2461 2204 2508 Episc,
2237 2491 2239 2493 .

374 2535 506 2580 scripti
535 2545 614 2579 cap.
638 2533 670 2568 l.
724 2535 840 2578 Quum
861 2535 962 2579 fides
986 2539 1141 2578 oestaat,
1186 2540 1222 2570 et
1361 2534 1531 2570 Lincoln.
1555 2533 1836 2569 Ecclesiastical
1868 2533 2031 2579 History
2060 2544 2095 2579 p.
2122 2532 2203 2569 48⁰.

375 2605 527 2640 ecclesia
550 2606 713 2640 exuritur
742 2605 785 2640 cle
812 2606 947 2652 figura
979 2606 1085 2648 rubi,
1132 2608 1221 2640 amc
1362 2606 1490 2640 Unum
1544 2606 1808 2641 tantummodo
1855 2603 2034 2639 libellum
2084 2604 2206 2640 habet

378 2676 539 2710 Gnostici
573 2680 785 2721 erumpunt,
831 2680 922 2711 ‚tuuc
970 2676 1223 2712 Valentiniana·
1360 2675 1750 2713 WalchiusHist.der
1766 2675 2000 2720 Ketzereyen
2025 2673 2056 2710 Ι.
2074 2672 2202 2720 p.536.

369 2750 586 2791 proserpunt
607 2750 673 2781 etc.
722 2745 875 2782 Annum
905 2732 1123 2793 ponit2198.
