2341 3340
1057 140 1154 186 133

156 279 412 321 Marcionem
443 278 493 319 ΙΙ.
519 275 604 331 5.);
642 280 921 330 satisfacere,
954 276 1063 315 unde
1088 278 1335 329 satisfactio
1366 279 1483 328 (ibid.
1503 279 1572 322 lV.
1592 279 1705 334 21.)‚
1748 294 2065 326 sacramencum

154 361 429 414 baptismatis
461 365 504 399 et
534 357 808 398 eucharistiae
839 353 959 408 (ibid.
983 353 1133 394 lV.34.
1163 355 1216 394 de
1243 356 1443 408 baptismo
1470 359 1509 397 1.
1541 359 1592 397 de
1623 372 1772 400 corona
1799 362 1914 402 milit.
1934 360 1995 415 3.)
2026 370 2067 404 et

153 437 230 477 alia
248 437 283 465 3⁰
323 437 373 475 ex
402 436 489 487 ejus
518 434 629 474 libris
658 433 701 472 in
729 433 877 484 scripta
908 431 955 471 P.
986 432 1031 471 P.
1060 432 1297 473 Latinorum
1326 436 1576 487 migrarunt,
1614 438 1669 477 ita
1697 442 1742 477 ut
1770 441 2065 494 tei-minologiae

154 515 399 567 theologicae
426 512 583 552 Latinae
616 513 754 550 auctor
783 523 878 550 vere
906 511 989 551 dici
1018 512 1157 563 possit,
1197 513 1366 565 ejusque
1392 526 1508 553 mens
1530 515 1574 553 iu
1603 517 1793 567 operibus
1823 517 2067 570 theologicis

155 592 344 632 ecclesiae
377 589 652 630 Occidentalis
689 590 814 630 multa
847 602 921 642 per
956 591 1091 631 secula
1120 592 1332 643 spiraverit
1353 592 1401 631 3¹.
1467 591 1676 633 Paradoxa
1706 598 1841 634 tamen
1869 595 1979 635 hand
2013 599 2064 638 ita

153 682 280 725 pauca
312 669 464 717 statuit,
492 669 534 707 iu
566 668 713 719 quibus
741 680 950 719 nunquam
977 681 1150 708 cum-eo
1184 671 1391 719 consensit
1425 671 1624 719 ecclesia3
1664 682 1687 709 e
1717 683 1886 721 quorum
1917 687 2067 726 genere,

151 752 266 788 sunt:
303 747 434 787 Deum
463 759 553 786 esse
578 758 833 798 corporeum,
869 746 978 798 quod
1007 747 1109 786 nihil
1137 747 1422 801 incorporeum
1453 749 1756 789 existimaverit.
1812 749 1963 792 Filium
1993 754 2069 794 Dei

152 824 361 867 Christum
389 836 551 878 semper
577 825 706 864 visum
728 826 776 865 ab
806 825 1039 865 hominibus
1069 825 1113 865 in
1140 836 1247 878 vera,
1281 827 1358 866 etsi
1388 840 1469 867 non
1500 831 1606 876 nata,
1629 839 1761 867 carue.
1818 828 2068 882 Angelorum

148 903 420 957 apparitiones
446 895 539 944 fieri
568 904 611 943 in
643 916 738 944 vera
765 916 887 944 carne
910 904 1100 953 humana,
1132 916 1252 955 quam
1283 905 1334 945 ad
1363 910 1523 958 tempus
1550 906 1824 947 assumserim.
1879 909 2069 953 Animam

150 981 367 1023 humanam
407 995 458 1023 ex
497 982 667 1024 traduce
700 983 750 1024 ab
781 982 938 1023 Adamo
980 983 1078 1023 inde
1121 996 1240 1033 esse,
1285 984 1329 1024 in
1364 987 1481 1024 utero
1524 990 1709 1027 materno
1747 974 1938 1029 seminari
1976 1002 2068 1033 cum

150 1072 296 1109 carne,
335 1061 568 1114 pariterque
597 1074 689 1101 cum
717 1062 803 1114 ipsa
834 1062 971 1102 sortiri
1007 1075 1179 1112 sexum;
1227 1055 1315 1103 eam
1346 1076 1437 1103 esse
1468 1076 1706 1117 corpoream
1740 1065 1814 1122 (ex
1844 1069 2067 1111 visionibus

150 1138 260 1181 forte
288 1139 604 1191 Montanisticis,
637 1141 691 1180 cf.
721 1140 773 1180 de
805 1140 937 1181 anima
966 1137 1096 1195 c.9.);
1126 1141 1310 1193 nihilque
1341 1143 1425 1194 pati
1452 1155 1574 1194 posse
1602 1145 1690 1184 sine
1719 1145 1855 1197 aliquo
1881 1159 2067 1200 corpore.

149 1218 316 1259 Animas
354 1218 563 1259 hominum
608 1220 803 1272 pessimas
843 1223 935 1272 post
977 1224 1152 1259 mortem
1190 1220 1235 1259 in
1276 1220 1493 1260 Daemones
1532 1222 1751 1271 converti,
1804 1227 1847 1263 et
1888 1226 2068 1276 plui-513².

149 1296 328 1339 Proinde
361 1297 417 1336 nil
445 1299 618 1346 mirum,
659 1299 695 1336 si
735 1298 985 1336 adversarios
1021 1309 1184 1348 quoque
1225 1297 1393 1347 habuit,
1434 1310 1516 1338 non
1548 1304 1716 1352 propter
1747 1299 2065 1344 Montanismum

151 1376 291 1424 unice,
330 1375 402 1415 sed
435 1375 672 1428 hujusmodi
702 1388 862 1427 quoque
891 1375 1148 1427 opinionibus
1178 1376 1388 1424 infensos,
1427 1377 1536 1416 inter
1564 1391 1666 1430 quos
1695 1379 1851 1418 eminet
1881 1380 2066 1422 Gelasins

149 1454 281 1507 Papa,
319 1453 387 1507 qui
418 1452 629 1493 decretum
663 1455 758 1494 tulit
795 1454 1107 1495 celeberrimum
1145 1453 1292 1496 Romae,
1324 1467 1432 1497 anno
1471 1455 1566 1496 495.
1596 1457 1788 1510 opuscula
1823 1457 2066 1502 Tertulliani

150 1533 473 1587 apocryphorum
505 1533 669 1572 nomine
698 1533 900 1573 notans33.
1152 1529 1157 1533 ’
1741 1588 1745 1590 Δ

286 1596 291 1608 ’-
325 1612 366 1653 4.
423 1611 544 1662 Quod
574 1610 751 1662 denique
779 1611 830 1651 ad
861 1611 988 1652 libros
1019 1610 1069 1652 ab
1097 1623 1148 1651 eo
1175 1612 1359 1665 vulgatos
1392 1614 1554 1664 attinet,
1593 1627 1735 1656 eorum
1760 1618 2065 1660 recensebimus

151 1690 290 1731 titulos
320 1689 544 1730 secundum
579 1689 858 1731 chronotaxin
895 1704 919 1732 a
952 1690 1169 1731 Noesselto
1205 1691 1489 1741 constitutam,
1536 1693 1710 1747 adjectis
1757 1694 2064 1749 deperditarum

150 1768 492 1822 inscriptionibus.

172 1923 209 1952 ³⁰
232 1923 272 1958 C.
295 1923 334 1958 C.
360 1921 480 1959 Birch
501 1923 577 1959 loci
602 1922 811 1969 theologici
835 1934 880 1958 ex
893 1924 1082 1959 Tertulli·
1151 1921 1190 1953 32
1212 1925 1268 1959 Dc
1303 1929 1382 1960 toto
1413 1926 1487 1961 hoc
1514 1932 1741 1973 argumento
1769 1932 1900 1965 confer
1925 1932 2060 1968 Casini.

243 2001 312 2027 ano
334 1992 494 2029 collecti.
528 1992 942 2040 Disse1·t.inauguralis
962 1993 1081 2030 narn.
1222 1994 1364 2030 Oudini
1393 1997 1710 2032 commentarium
1736 1997 1782 2032 de
1812 2000 2062 2044 scriptoribus

244 2061 347 2098 179⁰.
376 2074 410 2108 p.
434 2062 495 2099 58.
556 2086 558 2088 -
1100 2049 1105 2055 A
1221 2063 1388 2099 ecclesiae
1401 2065 1567 2110 antiquis
1587 2067 1670 2102 Vol.
1689 2067 1718 2102 Ι.
1739 2079 1774 2112 p.
1794 2068 1875 2104 219.
1897 2070 1966 2117 ubi
1983 2072 2061 2106 loci

559 2161 565 2167 ‚
1221 2144 1369 2178 qnoque
1381 2133 1458 2169 huc
1471 2135 1651 2171 facientes
1669 2147 1689 2170 e
1708 2137 1859 2182 scriptis
1873 2138 2059 2175 Tertulli-

176 2178 444 2214 31»Ti11em0nt
458 2177 663 2213 Memoires
685 2180 754 2214 111.
765 2178 821 2214 85.
857 2179 1080 2216 Mfinseheri

246 2247 639 2294 Dogmengcschichte
658 2248 688 2282 I.
707 2247 787 2283 138.
834 2248 964 2292 Ejusd.
982 2249 1079 2284 Dar-

247 2315 411 2362 stcllung
451 2328 524 2351 von
553 2317 787 2352 Tertulliano
825 2319 1079 2355 mox-alischen
1150 2316 1187 2346 33
1210 2314 1325 2353 Extat
1348 2316 1386 2354 in
1417 2329 1573 2363 corpore
1596 2319 1702 2355 Juris
1722 2320 1902 2358 Canonici
1920 2323 1963 2359 D.
1977 2325 2055 2361 XV.

1221 2202 1285 2237 a'ni
1307 2202 1530 2238 excitantur.

245 2387 385 2427 Ideen,
410 2384 448 2419 iu
469 2386 623 2420 Henkes
647 2386 824 2432 Magazin
854 2389 917 2423 vl.
940 2401 975 2434 p.
998 2389 1078 2425 102.
1218 2399 1251 2423 e.
1267 2386 1301 2422 ὃ.
1339 2387 1622 2423 accuratissime
1654 2389 1800 2425 editum
1837 2391 1876 2427 in
1916 2404 2055 2439 appeu—

246 2453 483 2491 Ballenstedt
524 2455 619 2490 uber
653 2456 886 2493 Tertullinus
913 2458 1079 2495 Geistesa-
1221 2457 1303 2492 dice
1326 2458 1372 2492 ad
1394 2457 1497 2492 Justi
1524 2457 1727 2493 Fontanini
1748 2458 1891 2496 librum
1914 2462 1959 2497 de
1981 2465 2054 2499 An·

246 2526 380 2572 gaben.
1219 2526 1462 2571 tiquitatibus
1476 2527 1607 2562 Hortae
1621 2527 1784 2564 Coloniae
1796 2529 2054 2568 Etruscorum.

1220 2596 1277 2631 ed.
1303 2595 1426 2643 Lnga.
1447 2595 1534 2630 Bat.
1557 2607 1594 2641 p.
1614 2595 1696 2632 190.
