2341 3340
1221 135 1322 186 216

986 276 1206 337 CAR
1284 276 1564 351 xxxL

982 394 984 396 ’
1083 377 1465 420 CONCLUSIO.

314 555 351 596 1.
409 521 546 592 Post
577 550 768 592 mortem
819 547 961 591 Severi
1015 546 1156 603 pacata
1198 542 1439 602 plerumque
1492 537 1817 591 Christianorum
1865 547 1985 590 fuere
2035 551 2231 603 tempora.

311 633 543 674 Antoninus
575 632 685 672 enim
711 630 915 671 Caracalla
946 631 1060 671 lacte
1090 630 1339 671 Christiano
1357 631 1519 682 fuerat
1549 630 1759 670 educatus
1790 629 1860 680 (ad
1880 627 2095 682 Scapulam
2123 642 2158 668 c.
2171 629 2230 679 4.)

311 716 355 752 et
377 713 476 752 licet
504 712 736 764 persecutio
763 709 925 763 imperii
954 709 1042 762 ejus
1069 709 1186 748 initio
1209 707 1481 757 recruduerit,
1511 710 1556 748 ut
1579 707 1857 748 Tertullianus
1884 708 2088 760 perhibet,
2115 704 2230 748 brevi

310 794 448 833 tamen
472 790 611 831 sedata
633 794 716 829 est:
749 788 937 830 Macrino
967 801 1044 828 nec
1071 791 1231 839 tempus
1259 786 1339 828 fuit
1369 785 1657 840 persequendi,
1690 799 1768 827 nec
1799 786 1956 826 animus
1983 790 2232 827 memoratur

311 883 335 911 a
351 867 592 909 Christianis
613 868 780 906 alienus.
836 865 1079 919 Elagabalus
1092 865 1346 906 Christianos
1376 865 1472 906 odio
1500 864 1611 905 haud
1624 865 1781 915 habuit,
1812 865 1910 917 quin
1937 866 2151 920 cogitavit
2178 866 2231 907 de

312 948 564 990 Christiana
598 947 828 986 devotione
852 944 1035 985 Romam
1062 944 1393 996 transferenda,
1426 947 1475 983 ut
1499 946 1690 985 omnium
1717 947 1990 986 caltararum
2017 951 2231 986 secretam

310 1013 450 1082 ipsias
476 1024 767 1066 sacerdotium
798 1020 1007 1064 teneretl.
1065 1020 1298 1061 Alexander
1326 1019 1526 1070 Severus,
1563 1020 1738 1075 optimus
1760 1025 1962 1077 princeps,
1989 1023 2232 1065 Christianis

311 1104 528 1146 manifeste
558 1102 679 1151 favit3
712 1104 985 1144 Christianos
1009 1115 1100 1142 esse
1126 1115 1283 1155 passas
1312 1106 1391 1149 est,
1422 1101 1546 1141 verba
1571 1105 1665 1142 sunt
1676 1101 1939 1154 Lampridii²‚
1968 1107 2010 1144 et
2032 1103 2085 1144 de
2104 1107 2232 1144 matre

311 1185 400 1238 ejus
428 1174 780 1224 Julia'Mammaea
810 1182 1030 1221 etiamnum
1063 1180 1312 1229 dubitatum,
1348 1192 1484 1220 annon
1511 1180 1638 1220 fuerit
1664 1179 1908 1221 Christiana.
1963 1181 2233 1224 Maximinum

311 1265 618 1317 persecutorem
647 1261 866 1314 perhibent
898 1260 1124 1308 Eusebius,
1155 1258 1453 1310 HieronymuS‚
1490 1260 1744 1313 Augustinus
1774 1259 1937 1312 aliique,
1969 1259 2043 1300 sed
2074 1265 2232 1303 tantum

311 1345 355 1384 in
394 1341 659 1383 ecclesiarum
701 1340 964 1390 sacerdotes,
1007 1342 1183 1380 testante
1223 1338 1405 1379 Eusebio
1440 1338 1494 1378 H.
1524 1338 1574 1379 E.
1609 1337 1678 1380 VI.
1704 1338 1794 1388 28„
1839 1341 1882 1379 et
1908 1339 2162 1392 Hieronymo
2189 1341 2233 1382 in

313 1421 533 1463 Chronico.
598 1419 781 1459 Africam
813 1419 923 1458 haud
951 1420 1078 1467 laesit,
1117 1419 1229 1459 alias·
1249 1409 1370 1457 certe
1389 1417 1640 1458 indicassent
1666 1416 1892 1470 Cyprianus
1922 1421 1965 1458 et
1990 1419 2232 1459 Eusebiusss.

314 1498 519 1540 Praeterea
547 1497 745 1537 habemus
775 1497 1053 1537 testimonium
1089 1497 1227 1537 Pontii
1265 1498 1308 1536 in
1343 1497 1425 1536 vita
1457 1496 1648 1548 Cypriani
1687 1497 1835 1547 saepius
1863 1497 1951 1549 jam
1986 1509 2231 1538 commemo-

313 1582 472 1626 ratum,
504 1583 608 1618 ante
641 1578 755 1618 hanc
784 1577 1191 1629 Carthaginiensem
1218 1577 1486 1631 Episcopum
1520 1588 1742 1630 nunquam
1774 1577 1959 1630 aliquem
1989 1578 2232 1631 episcopam

314 1660 383 1699 vel
411 1658 614 1698 clericam
652 1657 713 1697 ad
740 1657 987 1711 passionem
1018 1657 1199 1695 venisse.
1267 1654 1568 1694 Gordianorum
1604 1652 1824 1706 Imperium
1854 1654 2074 1706 perbreve,
2116 1659 2161 1695 nt
2192 1659 2234 1696 et

313 1737 474 1777 Balbini
506 1739 552 1775 >et
592 1734 795 1785 Pupieni,
843 1734 1022 1774 tumultu
1061 1733 1227 1786 insuper
1269 1733 1376 1791 civili
1419 1733 1655 1772 turbatum:
1712 1732 1939 1773 Gordianus
1970 1732 2030 1773 111
2066 1734 2158 1787 pius
2185 1747 2233 1775 ac

313 1816 422 1857 mitis
452 1815 654 1867 princeps.
717 1813 931 1866 Philippus
947 1813 1074 1853 Arabs
1096 1812 1197 1864 ipse,
1230 1811 1328 1851 licet
1353 1812 1464 1851 nulla
1494 1811 1643 1851 idonea
1671 1810 1724 1851 de
1753 1824 1884 1861 causa,
1909 1825 1984 1864 pro
2002 1811 2234 1855 Christiano

314 1896 489 1935 habitus.
547 1893 688 1945 Itaque
716 1905 791 1945 per
827 1892 1089 1945 quadraginta
1122 1891 1213 1930 fere
1252 1903 1379 1930 annos
1418 1902 1486 1929 res
1516 1889 1854 1939 Christianorum,
1891 1893 1937 1930 ut
1966 1891 2010 1930 in
2045 1892 2232 1932 universo

316 1974 416 2014 orbe
442 1973 640 2020 Romano,
676 1972 736 2011 sic
767 1983 929 2023 quoque
959 1971 1002 2009 in
1031 1969 1183 2018 Africa,
1225 1969 1370 2009 edictis
1397 1969 1627 2021 principum
1654 1967 1765 2008 haud
1796 1968 2090 2020 affligebantur.
2148 1969 2231 2010 Sed

316 2053 521 2104 abrogatae
542 2050 652 2090 haud
668 2052 783 2089 erant
796 2052 955 2088 veteres
971 2049 1096 2100 leges.
1155 2047 1347 2100 Populus,
1368 2046 1480 2086 haud
1501 2047 1625 2086 dubie
1649 2059 1672 2085 a
1695 2045 1974 2086 sacerdotibus
1996 2048 2232 2098 concitatus,

318 2130 641 2170 Christianorum
651 2129 888 2181 sanguinem
901 2126 1107 2166 interdum
1119 2126 1324 2179 poscebat,
1341 2137 1474 2176 neque
1488 2137 1650 2177 semper
1659 2123 1922 2175 Magistratus
1934 2125 1997 2164 vel
2006 2125 2232 2179 Legionum

316 2210 461 2262 Legati
493 2209 580 2262 ejus
612 2208 818 2256 furorem,
857 2206 934 2246 etsi
960 2206 1125 2254 vellent,
1169 2217 1431 2257 compescere
1459 2203 1658 2243 valebant.
1715 2202 1807 2241 Hoc
1838 2203 2003 2253 quidem
2038 2205 2160 2245 modo
2189 2207 2232 2246 in

278 2330 282 2331 ⁷
316 2288 570 2328 Christianos
620 2288 660 2327 vi
698 2288 951 2338 antiquarum
990 2285 1133 2324 harum
1171 2284 1310 2336 legum
1352 2282 1673 2322 animadversum
1716 2280 1846 2320 fuisse
1887 2281 2076 2332 videtnr3
2122 2284 2230 2325 unde

316 2367 520 2419 Martyres
549 2369 591 2405 et
624 2365 892 2405 Confessores
922 2364 983 2404 illi
1005 2364 1048 2403 in
1073 2362 1256 2402 Concilio
1284 2360 1488 2414 Cypriani,
1521 2372 1623 2412 quos
1655 2359 1774 2399 CAP.
1803 2359 1872 2401 VI.
1900 2362 2124 2412 retulimus,
2161 2363 2230 2416 qui

362 2526 377 2553 l
405 2521 648 2568 Lampridius
684 2521 723 2555 in
748 2520 1003 2566 Heliogabalo
1038 2531 1067 2554 c.
1093 2518 1127 2554 3.
1395 2517 1509 2552 Rom.
1529 2516 1836 2551 Christianorum
1856 2516 1971 2551 sacris
1992 2527 2059 2561 per
2076 2516 2228 2551 Gnosti-

359 2602 379 2631 2
402 2603 446 2636 111
480 2600 562 2635 vita
590 2596 795 2633 Alexandri
829 2609 859 2632 ο,
890 2597 947 2631 22,
998 2595 1253 2631 Gnosticismo
1396 2598 1457 2621 cos
1481 2586 1643 2629 initiato,
1673 2587 1712 2621 in
1734 2586 1934 2631 opusculis
1953 2596 1976 2621 a
1995 2585 2051 2620 Te
2073 2586 2227 2622 Watero

408 2682 497 2706 enm
526 2669 721 2704 addictum
755 2667 876 2701 fuisse
906 2666 1061 2709 conjicit
1093 2665 1252 2700 Jablon-
1394 2656 1507 2691 editis
1539 2656 1648 2691 Tom·
1668 2656 1731 2691 IV·
1759 2667 1794 2700 P·
1817 2654 1941 2690 38-79·

408 2741 536 2782 skins,
563 2738 661 2772 Diss.
686 2737 732 2772 de
755 2737 969 2772 Alexandro
994 2735 1135 2771 Severo
1154 2735 1250 2779 Imp.
1346 2734 1364 2764 3
1390 2734 1449 2768 Cf.
1472 2732 1678 2768 Memoires
1705 2733 1751 2768 de
1779 2731 1988 2768 Tillemont
2007 2730 2078 2768 111.
2101 2708 2181 2767 271ss
