2341 3340
1017 135 1115 184 251

986 275 1140 346 ΠΙ.

218 412 935 471 KALENDARIUM
1012 412 1912 476 CARTHAGINHENSE.

109 516 223 562 1110
290 516 767 563 eoNTmENTUR
833 516 983 562 mes
1054 515 1566 564 NATALICIORUM
1625 519 2016 566 MARTYRUM

177 607 268 652 ET
307 605 817 652 DEPOSITIONES*
863 605 1338 652 EPISCOPORUM
1400 606 1574 663 QUOS
1628 610 1945 656 ECCLESIA

294 695 760 743 GARTHAGENJS
825 695 1316 742 ANNIVERSARIA
1382 696 1778 744 CELEBRANT
1794 691 1823 744 1.

714 876 1013 917 PRAEFATIO
1071 875 1414 918 MABILLONII.

107 946 243 1018 Hoc
272 976 556 1017 Kalendarium
599 976 858 1025 Sanctorum,
910 976 1018 1028 quod
1060 979 1154 1017 olim
1198 979 1541 1030 Carthaginiensis
1576 979 1759 1019 Ecclesia
1800 983 2013 1033 quotannis

105 1057 322 1105 recolebat,
355 1055 592 1095 Africanum
622 1055 760 1095 dicere
787 1056 896 1103 licet,
937 1057 1128 1105 omnium,
1160 1069 1250 1108 quae
1278 1057 1476 1096 haetenus
1505 1060 1612 1110 typis
1643 1062 1800 1112 vulgata
1823 1065 1931 1109 sunt,
1967 1066 2012 1103 ut

106 1133 272 1186 quidem
308 1139 429 1187 puto,
472 1133 793 1186 antiquissimum
825 1137 867 1172 et
900 1134 1161 1173 rarissimum.
1224 1134 1451 1186 Repertum
1489 1150 1511 1175 a
1538 1138 1653 1177 nobis
1685 1144 1748 1178 est
1776 1139 1888 1178 felici
1918 1153 2012 1179 casu

105 1213 146 1252 in
178 1211 354 1264 quodam
388 1213 606 1252 veterrimo
643 1211 786 1251 codice
822 1213 1059 1251 monasterii
1091 1212 1393 1263 cluniacensis,
1434 1216 1670 1255 continente
1703 1217 1742 1255 b.
1770 1218 2011 1270 Hieronymi

105 1291 427 1330 Commentarios
465 1292 507 1330 in
541 1290 703 1338 Isa’iam,
747 1290 828 1328 imo
869 1291 911 1328 in
948 1290 1101 1329 codicis
1135 1292 1270 1343 ligneo
1302 1293 1521 1343 operculo,
1569 1295 1690 1333 tineis
1727 1308 1773 1334 ac
1805 1297 2009 1336 vermibus

103 1381 281 1417 corroso,
319 1370 498 1408 affixum.
557 1368 704 1419 Operae
731 1368 910 1419 pretium
937 1367 1016 1406 fuit
1039 1370 1349 1409 vetustissimam
1383 1374 1424 1409 et
1453 1384 1649 1410 semesam
1679 1374 1951 1414 membranam
1987 1389 2010 1415 a

102 1449 211 1500 ligno
254 1448 409 1486 carioso
445 1446 652 1485 dlvellere.
731 1445 923 1497 operculi
962 1459 1056 1498 pars
1096 1448 1226 1487 antica
1262 1448 1494 1488 Kalendarii
1536 1451 1806 1502 principium,
1853 1454 2010 1504 postica

101 1526 305 1576 reliquum
333 1524 579 1564 continebat.
638 1522 845 1575 Scriptura
879 1523 1061 1564 Romana
1096 1529 1176 1574 est,
1213 1526 1342 1565 literis
1374 1527 1606 1579 majusculiS
1639 1533 1825 1578 exarata,
1866 1531 2006 1587 seculo

100 1604 274 1656 septimo
305 1615 385 1641 non
413 1603 599 1642 inferi0r.

279 1681 496 1732 Antiquius
526 1683 588 1720 est
614 1679 922 1731 Kalendarium,
960 1693 1081 1734 quum
1110 1683 1154 1721 in
1184 1694 1233 1722 eo
1262 1682 1360 1722 nulli
1382 1681 1539 1734 Sancti,
1581 1685 1734 1726 nedum
1764 1687 2007 1740 Fulgentius

100 1762 352 1814 Episcopus,
394 1760 653 1811 reperiuntur
683 1759 735 1798 iis
772 1759 1019 1812 posteriores
1038 1789 1050 1809 ,
1088 1762 1172 1813 'qui
1210 1763 1253 1803 in
1295 1762 1567 1804 Vandalorum
1602 1767 1889 1816 perseeutione
1931 1768 2005 1806 sub

98 1839 335 1879 Hunnerico
358 1837 474 1889 Rege
504 1838 610 1889 passi
631 1841 737 1877 sunt.
796 1838 874 1887 Qui
893 1841 991 1878 tunc
1008 1840 1049 1879 in
1070 1840 1215 1880 Africa.
1237 1854 1370 1881 annuo
1399 1844 1509 1882 cultu
1533 1844 1836 1887 honorabantur
1855 1843 2005 1893 Sancti,

101 1917 289 1968 plerique
339 1919 454 1954 erant
500 1916 742 1967 populares:
805 1916 966 1967 quidam
1006 1921 1142 1958 tamen
1187 1930 1238 1959 ex
1282 1919 1395 1979 Italia
1437 1925 1479 1960 et
1518 1934 1567 1960 ex
1615 1922 1810 1973 Hispania
1853 1928 2003 1975 praeter

98 1994 356 2046 Apostolicos
393 1994 510 2032 viros.
577 1993 741 2033 Nullum
772 1979 963 2047 Deiparae
1000 1996 1173 2046 festum,
1217 1998 1269 2037 de
1306 2012 1385 2051 qua
1427 1999 1560 2038 nullus
1595 2000 1700 2052 apud
1734 2001 2003 2053 Augustinum

98 2074 290 2111 tractatus
337 2082 410 2109 seu
453 2083 599 2110 sermo.
675 2072 814 2111 Annus
857 2086 879 2112 a
919 2073 1017 2112 XIII
1056 2074 1143 2113 Kal.
1169 2075 1271 2128 Maji
1296 2072 1471 2129 incipit,
1509 2090 1657 2129 nempe
1695 2083 1787 2131 post
1827 2080 2001 2127 Pascha;

99 2149 246 2189 desinit
272 2148 370 2188 XIII
398 2148 484 2187 Kal.
516 2149 677 2197 Martii,
718 2149 762 2188 id
791 2154 853 2189 est
879 2163 955 2203 per
984 2154 1109 2191 totam
1145 2153 1514 2205 Quadragesimam.

180 2212 184 2216 ’
273 2226 479 2266 Hactenus
513 2227 775 2267 Mabiuonius
813 2229 856 2267 in
892 2227 1111 2269 Veteribus
1139 2230 1367 2279 Analectis‚
1415 2232 1481 2271 ed.
1510 2231 1749 2272 Parisiensis
1781 2232 1900 2275 1723.
1928 2236 2000 2276 fol.

95 2319 136 2357 p.
155 2304 246 2343 153.
282 2303 393 2344 Idem
423 2305 502 2343 hoc
527 2304 814 2346 Kalendarium
843 2307 1037 2347 exhibent
1065 2308 1251 2349 Ruinarti
1275 2310 1376 2350 Acta
1402 2310 1649 2362 Martyrum,
1679 2311 1743 2350 ed.
1760 2312 1998 2355 PariSiensis

96 2382 216 2421 1699.
245 2382 287 2421 in
316 2383 392 2432 Qu.
422 2396 461 2434 p.
481 2383 578 2422 (593.
649 2383 847 2423 Addimus
883 2389 996 2424 notas
1027 2387 1283 2436 Mabillonii,
1326 2389 1531 2441 plerisque
1562 2393 1698 2428 tamen
1728 2391 1776 2430 iis
1805 2395 1998 2445 exceptis,

95 2460 399 2512 quaeMartyTes
426 2465 607 2512 spectant
626 2461 734 2501 haud
748 2462 980 2511 Africanos3
1010 2467 1202 2506 nonnulla
1225 2480 1385 2519 quoque
1415 2480 1464 2507 ex
1478 2467 1681 2507 Marcello
1706 2470 1996 2523 subjunximus.

141 2618 155 2632 ‘
182 2615 442 2659 Deposstiones,
480 2615 692 2659 sepulturae.
1225 2620 1239 2647 1
1265 2621 1326 2656 Sic
1348 2621 1481 2656 titulus
1504 2622 1542 2657 in
1563 2623 1832 2669 Manuscripto.
1891 2674 1893 2676 η
