2341 3340
1247 160 1315 211 56

321 306 537 362 Episcopi
568 318 702 360 super
734 311 866 362 caput
902 307 1024 347 illius
1063 309 1260 348 teneant.
1327 302 1408 354 Qui
1447 301 1611 354 quidem
1649 315 1780 344 canon
1820 306 1934 344 certe
1974 318 2058 347 non
2095 319 2246 349 novum

320 384 588 425 ordinationis
642 384 768 424 ritum
809 385 997 434 induxit,
1041 384 1115 425 sed
1161 386 1345 423 veterem
1388 382 1505 421 illum
1543 382 1586 422 in
1630 383 1818 423 Ecclesia
1859 383 2052 425 Africana
2090 385 2247 427 dudum

264 444 267 447 Ι
318 466 531 516 receptum
560 476 631 503 sua
654 465 895 503 auctoritate
920 465 1061 512 sanxit,
1089 466 1258 516 propter
1283 473 1422 501 causas
1445 461 1562 500 nobis
1581 462 1763 514 ignotas3
1802 463 1880 502 nisi
1912 464 2022 503 forte
2053 464 2249 517 Episcopi

318 542 470 596 passim
513 542 782 595 Presbyteros
824 544 873 584 ab
922 543 1244 582 ordinationibus
1285 540 1546 591 excluserint.
1616 540 1861 594 Exemplum
1898 546 2104 595 praeterea
2137 539 2277 583 extat*

320 620 588 663 ordinationis
620 635 643 662 a
673 623 770 663 solis
802 623 1060 674 Presbyteris
1097 622 1250 672 absque
1284 620 1489 672 Episcopo
1518 599 1707 672 peractae.
1765 620 1945 661 Novatus
1982 623 2091 661 enim
2126 621 2249 661 Pres-

319 699 440 753 byter
470 700 771 742 Felicissimum
802 702 1050 754 Carthagine
1079 700 1306 740 Diaconum
1341 699 1601 738 constituisse
1630 703 1815 739 narratur
1844 715 1867 740 a
1898 701 2161 754 Cypriano43
2205 699 2250 742 id

322 779 435 833 quod
466 783 607 830 certe,
653 782 834 833 quamvis
865 781 1052 821 Schisma
1074 780 1344 821 Novatianum
1371 782 1590 831 eruperat,
1627 792 1746 819 ausus
1776 780 1886 819 haud
1915 780 2085 830 fuisset,
2126 792 2251 832 quum

320 856 535 899 Novatiani
573 861 760 900 ordinem
802 861 1004 900 haberent
1044 860 1342 912 episcopalem,
1383 859 1461 898 nisi
1497 862 1613 898 vetus
1644 851 1907 899 'consuetudo
1944 859 2250 899 excusationem

319 936 381 978 illi
403 939 659 990 praebuisset.
717 939 915 992 Ejusdem
943 939 1097 989 antiqui
1128 939 1253 977 moris
1282 939 1453 990 vestigia
1475 939 1726 991 superfuisse
1743 938 1932 991 videntur
1952 938 2092 993 seculo
2114 937 2251 993 adhuc

320 1022 463 1070 quarto
495 1021 682 1059 exeunte.
740 1018 876 1058 Etiam
905 1018 1121 1070 Augustini
1151 1020 1271 1055 aetate
1296 1017 1403 1056 ruris
1425 1016 1664 1069 Presbyteri
1693 1018 1933 1057 ordinabant
1949 1016 2251 1066 subdiaconos;

319 1095 364 1135 id
391 1097 500 1148 quod
528 1101 642 1149 patet
673 1110 723 1137 ex
746 1099 918 1150 epistola
943 1098 1031 1150 ejus
1062 1097 1129 1136 63.
1154 1095 1226 1150 (al.
1242 1093 1362 1149 240.)
1423 1097 1707 1150 Objurgando
1732 1099 2067 1138 correximus...
2095 1096 2253 1137 deiude

321 1175 630 1231 Presbyterum
661 1185 704 1219 et
737 1178 967 1225 Verfflum,
1004 1176 1100 1232 per‘
1118 1188 1223 1231 quos
1253 1181 1304 1216 ut
1335 1176 1621 1216 ordinaretur
1651 1174 1919 1231 (Timotheus
1947 1171 2250 1228 Subdiaconus)

310 1255 490 1307 factum
529 1271 621 1297 esse
658 1259 956 1311 comperimus.
1031 1256 1223 1295 Attamen
1260 1268 1350 1294 cum
1383 1255 1428 1294 in
1458 1255 1631 1295 ecclesia
1656 1254 1848 1295 Africana
1878 1254 2128 1295 Subdiaconi
2161 1255 2252 1294 sine

321 1347 483 1375 manum
526 1336 789 1389 impositione
826 1334 1001 1375 ordinati
1032 1335 1244 1383 fuerint5,
1287 1334 1416 1373 levius
1450 1333 1532 1372 hoc
1565 1333 1762 1373 delictum
1796 1321 1929 1374 videri
1968 1335 2132 1388 potuit,
2175 1345 2253 1374 nec

323 1413 570 1455 ordinationi
604 1415 878 1454 Diaconorum
916 1428 940 1454 a
976 1413 1235 1466 Presbyteris
1284 1413 1407 1453 factae
1449 1412 1780 1466 comparandum.
1856 1413 2106 1454 Subdiaconi
2142 1413 2253 1455 enim

321 1492 374 1532 ad
404 1494 625 1535 inferiores
655 1493 938 1535 tantummodo
967 1493 1131 1533 ordines
1164 1505 1212 1533 ea
1241 1495 1384 1543 aetate,
1416 1495 1463 1532 ut
1490 1495 1533 1532 et
1560 1492 1770 1544 hodieque
1800 1493 1846 1533 in
1875 1491 2064 1534 Ecclesia
2092 1493 2253 1544 Graeca,

320 1571 621 1613 referebantur.

499 1651 739 1704 Presbyteri
785 1656 828 1693 et
878 1653 1026 1704 reliqui
1064 1653 1206 1692 clerici
1251 1652 1416 1692 urbium
1451 1651 1641 1704 rurisque
1683 1663 1759 1704 per
1804 1650 2030 1691 secundum
2068 1651 2253 1692 seculum

320 1730 399 1771 sibi
429 1743 547 1783 pares
577 1731 709 1770 suere.
768 1731 994 1784 Cyprianus
1022 1745 1120 1771 vero
1149 1745 1212 1784 ep.
1245 1730 1312 1770 43.
1340 1745 1380 1784 p.
1406 1730 1475 1769 82.
1519 1731 1762 1769 clericorum
1798 1730 2037 1770 urbicorum
2068 1730 2255 1781 agnoscit

313 1809 384 1863 jus
411 1823 492 1850 una
524 1823 619 1850 cum
654 1809 869 1862 Episcopis
889 1811 1100 1862 suffragia
1129 1810 1182 1849 de
1214 1810 1356 1863 politia
1389 1809 1668 1848 ecclesiastica
1707 1809 1886 1848 ferendi.
1960 1811 2069 1850 Cum
2104 1797 2254 1858 semen

321 1890 483 1942 inquit,
535 1890 755 1943 placuerit
797 1893 888 1928 tam
937 1888 1060 1927 nobis
1101 1902 1230 1941 quam
1278 1888 1595 1939 consessoribus
1643 1894 1687 1928 et
1738 1889 1917 1928 Clericis
1953 1889 2113 1929 urbicis
2147 1891 2252 1929 item

322 1968 558 2022 Episcopis
571 1967 799 2007 universis
824 1996 947 2007 .....
981 1972 1031 2006 ut
1059 1967 1185 2006 nihil.
1204 1967 1442 2005 innovetur
1474 1967 1591 2005 circa
1624 1967 1846 2020 lapsorum
1878 1981 2068 2007 causam.
2129 1967 2252 2019 Unde

287 2074 289 2077 s
322 2045 535 2098 probabile
574 2047 656 2095 fit,
702 2047 751 2087 ab
793 2046 865 2085 illo
908 2045 1006 2085 inde
1030 2028 1234 2098 'tempore
1279 2045 1350 2097 jus
1403 2044 1506 2084 illud
1554 2044 1665 2083 clero
1710 2045 1816 2083 ruris
1862 2044 2068 2085 ademtum
2107 2046 2251 2087 fuisse.
2283 2052 2293 2065 ¹*

322 2125 516 2165 Attamen
548 2126 762 2177 Augustini
795 2128 915 2164 aetate
951 2126 1058 2165 ruris
1095 2124 1363 2176 Presbyteri,
1413 2126 1492 2164 etsi
1525 2124 1722 2177 dignitate
1749 2124 1969 2163 inferiores
2005 2129 2160 2174 essent,
2207 2127 2252 2166 in

322 2203 416 2244 foro
444 2208 582 2245 tamen
613 2205 893 2246 ecclesiastico
926 2205 1038 2255 paria
1067 2217 1162 2244 cum
1193 2204 1306 2243 urbis
1338 2203 1597 2256 Presbyteris
1620 2204 1715 2257 jura
1752 2203 1970 2243 habebant.
2033 2204 2253 2257 Augustini

371 2392 391 2420 4
413 2392 534 2438 Epist.
554 2392 612 2429 52.
642 2392 709 2437 (al.
722 2392 800 2438 49.)
820 2404 856 2437 p.
877 2391 935 2427 97.
985 2393 1151 2427 Novatus
1164 2393 1262 2426 Fclz'-
1404 2393 1457 2427 IV
1488 2390 1826 2437 Carthaginiensis.
1882 2390 2151 2432 Szcbcliaconus,
2187 2392 2251 2436 qui

421 2463 599 2498 cissimum
615 2489 627 2505 ‚
666 2463 860 2498 satellitem
886 2474 1012 2503 suum,
1050 2462 1261 2503 diaconum,
1405 2463 1596 2497 ordinatur
1615 2487 1627 2504 ,
1665 2462 1750 2506 quia
1791 2473 1964 2495 manuum
1993 2450 2248 2506 impositionem

418 2545 485 2569 uec
513 2534 745 2578 permittente
779 2545 857 2575 me,
892 2545 958 2567 nec
995 2532 1150 2574 sciente,
1194 2544 1262 2566 sua
1403 2544 1475 2567 ποη
1503 2532 1657 2577 accipit,
1690 2531 1861 2576 patinam
1878 2532 1922 2566 de
1943 2530 2112 2575 Episcopi
2136 2542 2248 2566 manu

416 2604 583 2647 factione
600 2608 635 2638 et
654 2603 844 2637 ambitione
862 2604 1056 2637 constituit.
1084 2603 1133 2638 cf.
1153 2603 1261 2637 Wal-
1405 2604 1559 2648 accipiet
1606 2615 1760 2637 vacuam
1803 2607 1839 2636 et
1891 2601 2038 2635 calicem
2080 2612 2246 2635 vacuum.

421 2675 503 2709 chii
532 2672 704 2708 Historie
736 2673 800 2707 des
823 2672 1046 2707 Ketzercien
1066 2673 1096 2708 I.
1118 2685 1154 2718 p.
1177 2671 1259 2707 296.
1404 2675 1458 2708 De
1495 2685 1609 2708 manu
1650 2685 1732 2708 vcro
1767 2671 2024 2707 Archidiacom·
2065 2672 2246 2706 urceolum

371 2746 389 2773 5
413 2745 608 2791 Bingham
632 2743 681 2778 Π.
707 2760 741 2787 p.
768 2743 825 2778 12.
861 2743 911 2778 cf.
936 2754 1064 2778 canon.
1084 2741 1118 2777 5.
1147 2743 1260 2777 Cone.
1403 2756 1483 2779 cum
1514 2756 1612 2789 aqua
1647 2748 1683 2779 et
1720 2742 1872 2777 mantile
1901 2746 1936 2777 et
1962 2742 2243 2799 manutergium.
