<?xml version="1.0" encoding="UTF-8"?>
<!DOCTYPE html PUBLIC "-//W3C//DTD XHTML 1.0 Transitional//EN"
    "http://www.w3.org/TR/xhtml1/DTD/xhtml1-transitional.dtd">
<html xmlns="http://www.w3.org/1999/xhtml" xml:lang="en" lang="en">
 <head>
  <title>
</title>
<meta http-equiv="Content-Type" content="text/html;charset=utf-8" />
  <meta name='ocr-system' content='tesseract 3.04.00' />
  <meta name='ocr-capabilities' content='ocr_page ocr_carea ocr_par ocr_line ocrx_word'/>
</head>
<body>
  <div class='ocr_page' id='page_1' title='image "./fredericimnter00mn_0056.png"; bbox 0 0 2341 3340; ppageno 0'>
   <div class='ocr_carea' id='block_1_1' title="bbox 1197 102 1266 149">
    <p class='ocr_par' dir='ltr' id='par_1_1' title="bbox 1197 102 1266 149">
     <span class='ocr_line' id='line_1_1' title="bbox 1197 102 1266 149; baseline 0.014 -1"><span class='ocrx_word' id='word_1_1' title='bbox 1197 102 1266 149; x_wconf 71' lang='lat'><strong>44</strong></span> 
     </span>
    </p>
   </div>
   <div class='ocr_carea' id='block_1_2' title="bbox 272 240 2226 1960">
    <p class='ocr_par' dir='ltr' id='par_1_2' title="bbox 272 240 2205 1327">
     <span class='ocr_line' id='line_1_2' title="bbox 274 240 2200 304; baseline -0.004 -14"><span class='ocrx_word' id='word_1_2' title='bbox 274 249 364 304; x_wconf 83' lang='lat' dir='ltr'><strong>pari</strong></span> <span class='ocrx_word' id='word_1_3' title='bbox 381 246 589 300; x_wconf 77' lang='lat' dir='ltr'><strong>dignitatis</strong></span> <span class='ocrx_word' id='word_1_4' title='bbox 604 243 735 300; x_wconf 86' lang='lat' dir='ltr'><strong>gradu</strong></span> <span class='ocrx_word' id='word_1_5' title='bbox 752 256 845 285; x_wconf 88' lang='lat' dir='ltr'><strong>cum</strong></span> <span class='ocrx_word' id='word_1_6' title='bbox 860 243 1061 293; x_wconf 85' lang='lat' dir='ltr'><strong>Romano,</strong></span> <span class='ocrx_word' id='word_1_7' title='bbox 1080 241 1355 292; x_wconf 77' lang='lat' dir='ltr'><strong>Antiocheae,</strong></span> <span class='ocrx_word' id='word_1_8' title='bbox 1387 240 1676 292; x_wconf 84' lang='lat' dir='ltr'><strong>Alexandrino,</strong></span> <span class='ocrx_word' id='word_1_9' title='bbox 1699 240 2089 295; x_wconf 84' lang='lat' dir='ltr'><strong>Hierosolymitano‚</strong></span> <span class='ocrx_word' id='word_1_10' title='bbox 2119 254 2200 283; x_wconf 86' lang='lat' dir='ltr'><strong>nec</strong></span> 
     </span>
     <span class='ocr_line' id='line_1_3' title="bbox 275 320 2201 379; baseline -0.004 -11"><span class='ocrx_word' id='word_1_11' title='bbox 275 340 360 370; x_wconf 90' lang='lat' dir='ltr'><strong>non</strong></span> <span class='ocrx_word' id='word_1_12' title='bbox 392 339 486 367; x_wconf 85' lang='lat' dir='ltr'><strong>cum</strong></span> <span class='ocrx_word' id='word_1_13' title='bbox 505 326 731 379; x_wconf 75' lang='lat' dir='ltr'><strong>Ephesium,</strong></span> <span class='ocrx_word' id='word_1_14' title='bbox 758 324 1012 365; x_wconf 87' lang='lat' dir='ltr'><strong>Caesareensi</strong></span> <span class='ocrx_word' id='word_1_15' title='bbox 1035 321 1319 374; x_wconf 85' lang='lat' dir='ltr'><strong>Cappadociae,</strong></span> <span class='ocrx_word' id='word_1_16' title='bbox 1340 321 1691 374; x_wconf 85' lang='lat' dir='ltr'><strong>Heracleensique</strong></span> <span class='ocrx_word' id='word_1_17' title='bbox 1714 321 1919 371; x_wconf 85' lang='lat' dir='ltr'><strong>Thraciae,</strong></span> <span class='ocrx_word' id='word_1_18' title='bbox 1950 335 1974 362; x_wconf 89' lang='lat' dir='ltr'><strong>a</strong></span> <span class='ocrx_word' id='word_1_19' title='bbox 2003 320 2201 362; x_wconf 89' lang='lat' dir='ltr'><strong>Constan-</strong></span> 
     </span>
     <span class='ocr_line' id='line_1_4' title="bbox 272 399 2200 460; baseline -0.004 -13"><span class='ocrx_word' id='word_1_20' title='bbox 272 405 542 460; x_wconf 85' lang='lat' dir='ltr'><strong>tinopolitano</strong></span> <span class='ocrx_word' id='word_1_21' title='bbox 570 407 715 457; x_wconf 85' lang='lat' dir='ltr'><strong>postea</strong></span> <span class='ocrx_word' id='word_1_22' title='bbox 742 403 935 451; x_wconf 84' lang='lat' dir='ltr'><strong>subactis,</strong></span> <span class='ocrx_word' id='word_1_23' title='bbox 963 402 1071 442; x_wconf 90' lang='lat' dir='ltr'><strong>inter</strong></span> <span class='ocrx_word' id='word_1_24' title='bbox 1095 402 1277 454; x_wconf 89' lang='lat' dir='ltr'><strong>reliquos</strong></span> <span class='ocrx_word' id='word_1_25' title='bbox 1307 399 1517 441; x_wconf 81' lang='lat' dir='ltr'><strong>eminuit3.</strong></span> <span class='ocrx_word' id='word_1_26' title='bbox 1574 401 1631 442; x_wconf 90' lang='lat' dir='ltr'><strong>Et</strong></span> <span class='ocrx_word' id='word_1_27' title='bbox 1661 402 1793 454; x_wconf 90' lang='lat' dir='ltr'><strong>primo</strong></span> <span class='ocrx_word' id='word_1_28' title='bbox 1823 400 1992 453; x_wconf 90' lang='lat' dir='ltr'><strong>quidem</strong></span> <span class='ocrx_word' id='word_1_29' title='bbox 2012 403 2200 453; x_wconf 87' lang='lat' dir='ltr'><strong>tempore</strong></span> 
     </span>
     <span class='ocr_line' id='line_1_5' title="bbox 273 477 2200 538; baseline -0.005 -11"><span class='ocrx_word' id='word_1_30' title='bbox 273 497 404 538; x_wconf 81' lang='lat' dir='ltr'><strong>usquc</strong></span> <span class='ocrx_word' id='word_1_31' title='bbox 449 484 501 525; x_wconf 87' lang='lat' dir='ltr'><strong>ad</strong></span> <span class='ocrx_word' id='word_1_32' title='bbox 530 484 795 537; x_wconf 82' lang='lat' dir='ltr'><strong>Agrippinum</strong></span> <span class='ocrx_word' id='word_1_33' title='bbox 833 482 978 523; x_wconf 90' lang='lat' dir='ltr'><strong>unicus</strong></span> <span class='ocrx_word' id='word_1_34' title='bbox 1016 481 1146 522; x_wconf 83' lang='lat' dir='ltr'><strong>fuisse</strong></span> <span class='ocrx_word' id='word_1_35' title='bbox 1184 480 1348 521; x_wconf 82' lang='lat' dir='ltr'><strong>videtur</strong></span> <span class='ocrx_word' id='word_1_36' title='bbox 1381 480 1583 521; x_wconf 82' lang='lat' dir='ltr'><strong>Ecclesiae</strong></span> <span class='ocrx_word' id='word_1_37' title='bbox 1615 481 1820 521; x_wconf 79' lang='lat' dir='ltr'><strong>Africanae</strong></span> <span class='ocrx_word' id='word_1_38' title='bbox 1855 479 2028 520; x_wconf 88' lang='lat' dir='ltr'><strong>Primas.</strong></span> <span class='ocrx_word' id='word_1_39' title='bbox 2094 477 2200 519; x_wconf 91' lang='lat' dir='ltr'><strong>Nam</strong></span> 
     </span>
     <span class='ocr_line' id='line_1_6' title="bbox 275 559 2201 618; baseline -0.004 -13"><span class='ocrx_word' id='word_1_40' title='bbox 275 565 502 618; x_wconf 82' lang='lat' dir='ltr'><strong>Cyprianus</strong></span> <span class='ocrx_word' id='word_1_41' title='bbox 532 563 578 603; x_wconf 91' lang='lat' dir='ltr'><strong>in</strong></span> <span class='ocrx_word' id='word_1_42' title='bbox 612 563 786 617; x_wconf 86' lang='lat' dir='ltr'><strong>epistola</strong></span> <span class='ocrx_word' id='word_1_43' title='bbox 815 561 885 602; x_wconf 77' lang='lat'><strong>¹71.</strong></span> <span class='ocrx_word' id='word_1_44' title='bbox 914 560 966 601; x_wconf 90' lang='lat' dir='ltr'><strong>ad</strong></span> <span class='ocrx_word' id='word_1_45' title='bbox 991 559 1484 612; x_wconf 31' lang='lat' dir='ltr'><strong>Quintum-Mauretaniae</strong></span> <span class='ocrx_word' id='word_1_46' title='bbox 1510 560 1731 600; x_wconf 85' lang='lat' dir='ltr'><strong>Primatem</strong></span> <span class='ocrx_word' id='word_1_47' title='bbox 1759 573 1800 612; x_wconf 88' lang='lat' dir='ltr'><strong>p.</strong></span> <span class='ocrx_word' id='word_1_48' title='bbox 1824 560 1919 599; x_wconf 73' lang='lat'><strong>196.</strong></span> <span class='ocrx_word' id='word_1_49' title='bbox 1948 559 2201 599; x_wconf 79' lang='lat' dir='ltr'><strong>mentionem</strong></span> 
     </span>
     <span class='ocr_line' id='line_1_7' title="bbox 275 637 2201 695; baseline -0.003 -11"><span class='ocrx_word' id='word_1_50' title='bbox 275 645 377 685; x_wconf 87' lang='lat' dir='ltr'><strong>facit</strong></span> <span class='ocrx_word' id='word_1_51' title='bbox 391 643 567 683; x_wconf 87' lang='lat' dir='ltr'><strong>Concilii</strong></span> <span class='ocrx_word' id='word_1_52' title='bbox 596 642 645 684; x_wconf 89' lang='lat' dir='ltr'><strong>ab</strong></span> <span class='ocrx_word' id='word_1_53' title='bbox 662 641 890 695; x_wconf 88' lang='lat' dir='ltr'><strong>Agrippino</strong></span> <span class='ocrx_word' id='word_1_54' title='bbox 917 640 1113 680; x_wconf 85' lang='lat' dir='ltr'><strong>celebrati</strong></span> <span class='ocrx_word' id='word_1_55' title='bbox 1141 639 1207 679; x_wconf 85' lang='lat' dir='ltr'><strong>his</strong></span> <span class='ocrx_word' id='word_1_56' title='bbox 1237 640 1395 680; x_wconf 89' lang='lat' dir='ltr'><strong>verbis:</strong></span> <span class='ocrx_word' id='word_1_57' title='bbox 1427 639 1542 694; x_wconf 80' lang='lat' dir='ltr'><strong>quod</strong></span> <span class='ocrx_word' id='word_1_58' title='bbox 1569 640 1739 694; x_wconf 79' lang='lat' dir='ltr'><strong>quidem</strong></span> <span class='ocrx_word' id='word_1_59' title='bbox 1753 637 2043 694; x_wconf 76' lang='lat' dir='ltr'><strong>Agrippinas,</strong></span> <span class='ocrx_word' id='word_1_60' title='bbox 2076 640 2201 680; x_wconf 82' lang='lat' dir='ltr'><strong>bonae</strong></span> 
     </span>
     <span class='ocr_line' id='line_1_8' title="bbox 275 719 2200 774; baseline -0.004 -9"><span class='ocrx_word' id='word_1_61' title='bbox 275 724 497 765; x_wconf 75' lang='lat' dir='ltr'><strong>memoriae</strong></span> <span class='ocrx_word' id='word_1_62' title='bbox 523 724 608 771; x_wconf 82' lang='lat' dir='ltr'><strong>vir,</strong></span> <span class='ocrx_word' id='word_1_63' title='bbox 656 736 755 763; x_wconf 84' lang='lat' dir='ltr'><strong>cnm</strong></span> <span class='ocrx_word' id='word_1_64' title='bbox 784 721 960 763; x_wconf 77' lang='lat' dir='ltr'><strong>coeterz‘s</strong></span> <span class='ocrx_word' id='word_1_65' title='bbox 992 720 1266 774; x_wconf 70' lang='lat' dir='ltr'><strong>Coe&#39;piscopis</strong></span> <span class='ocrx_word' id='word_1_66' title='bbox 1296 721 1409 767; x_wconf 78' lang='lat' dir='ltr'><strong>suis,</strong></span> <span class='ocrx_word' id='word_1_67' title='bbox 1446 721 1523 774; x_wconf 81' lang='lat' dir='ltr'><strong>qai</strong></span> <span class='ocrx_word' id='word_1_68' title='bbox 1551 720 1627 759; x_wconf 80' lang='lat' dir='ltr'><strong>illo</strong></span> <span class='ocrx_word' id='word_1_69' title='bbox 1659 724 1855 773; x_wconf 78' lang='lat' dir='ltr'><strong>tempore</strong></span> <span class='ocrx_word' id='word_1_70' title='bbox 1887 719 1934 758; x_wconf 89' lang='lat' dir='ltr'><strong>in</strong></span> <span class='ocrx_word' id='word_1_71' title='bbox 1963 719 2200 758; x_wconf 79' lang='lat' dir='ltr'><strong>Provincia</strong></span> 
     </span>
     <span class='ocr_line' id='line_1_9' title="bbox 275 797 2204 856; baseline -0.004 -12"><span class='ocrx_word' id='word_1_72' title='bbox 275 804 434 856; x_wconf 81' lang='lat' dir='ltr'><strong>Africa</strong></span> <span class='ocrx_word' id='word_1_73' title='bbox 465 806 510 843; x_wconf 81' lang='lat' dir='ltr'><strong>et</strong></span> <span class='ocrx_word' id='word_1_74' title='bbox 533 801 746 844; x_wconf 76' lang='lat' dir='ltr'><strong>Numidia</strong></span> <span class='ocrx_word' id='word_1_75' title='bbox 765 801 990 841; x_wconf 74' lang='lat' dir='ltr'><strong>ecclesiam</strong></span> <span class='ocrx_word' id='word_1_76' title='bbox 1009 800 1192 840; x_wconf 78' lang='lat' dir='ltr'><strong>Domini</strong></span> <span class='ocrx_word' id='word_1_77' title='bbox 1215 798 1535 852; x_wconf 80' lang='lat' dir='ltr'><strong>gubernabant,</strong></span> <span class='ocrx_word' id='word_1_78' title='bbox 1563 799 1739 846; x_wconf 78' lang='lat' dir='ltr'><strong>statm‘c,</strong></span> <span class='ocrx_word' id='word_1_79' title='bbox 1769 803 1814 838; x_wconf 82' lang='lat' dir='ltr'><strong>et</strong></span> <span class='ocrx_word' id='word_1_80' title='bbox 1841 797 1999 838; x_wconf 82' lang='lat' dir='ltr'><strong>librato</strong></span> <span class='ocrx_word' id='word_1_81' title='bbox 2029 797 2204 838; x_wconf 83' lang='lat' dir='ltr'><strong>consilii</strong></span> 
     </span>
     <span class='ocr_line' id='line_1_10' title="bbox 276 875 2204 933; baseline -0.004 -11"><span class='ocrx_word' id='word_1_82' title='bbox 276 882 516 922; x_wconf 79' lang='lat' dir='ltr'><strong>commanis</strong></span> <span class='ocrx_word' id='word_1_83' title='bbox 538 880 739 920; x_wconf 73' lang='lat' dir='ltr'><strong>examine</strong></span> <span class='ocrx_word' id='word_1_84' title='bbox 760 879 979 933; x_wconf 79' lang='lat' dir='ltr'><strong>firmavit.</strong></span> <span class='ocrx_word' id='word_1_85' title='bbox 1037 875 1100 915; x_wconf 89' lang='lat' dir='ltr'><strong>Ea</strong></span> <span class='ocrx_word' id='word_1_86' title='bbox 1130 881 1249 925; x_wconf 84' lang='lat' dir='ltr'><strong>vero,</strong></span> <span class='ocrx_word' id='word_1_87' title='bbox 1287 889 1379 927; x_wconf 87' lang='lat' dir='ltr'><strong>quae</strong></span> <span class='ocrx_word' id='word_1_88' title='bbox 1409 890 1459 916; x_wconf 84' lang='lat' dir='ltr'><strong>ex</strong></span> <span class='ocrx_word' id='word_1_89' title='bbox 1487 877 1604 916; x_wconf 88' lang='lat' dir='ltr'><strong>hisce</strong></span> <span class='ocrx_word' id='word_1_90' title='bbox 1634 876 1980 930; x_wconf 81' lang='lat' dir='ltr'><strong>Carthaginiensis</strong></span> <span class='ocrx_word' id='word_1_91' title='bbox 2008 875 2204 929; x_wconf 81' lang='lat' dir='ltr'><strong>Episcopi</strong></span> 
     </span>
     <span class='ocr_line' id='line_1_11' title="bbox 273 953 2204 1011; baseline -0.003 -12"><span class='ocrx_word' id='word_1_92' title='bbox 273 959 410 999; x_wconf 86' lang='lat' dir='ltr'><strong>verbis</strong></span> <span class='ocrx_word' id='word_1_93' title='bbox 438 958 636 1011; x_wconf 79' lang='lat' dir='ltr'><strong>colligere</strong></span> <span class='ocrx_word' id='word_1_94' title='bbox 662 958 777 1005; x_wconf 87' lang='lat' dir='ltr'><strong>licet,</strong></span> <span class='ocrx_word' id='word_1_95' title='bbox 804 956 887 996; x_wconf 87' lang='lat' dir='ltr'><strong>huc</strong></span> <span class='ocrx_word' id='word_1_96' title='bbox 916 954 1007 994; x_wconf 89' lang='lat' dir='ltr'><strong>fere</strong></span> <span class='ocrx_word' id='word_1_97' title='bbox 1026 953 1213 994; x_wconf 84' lang='lat' dir='ltr'><strong>redeunt.</strong></span> <span class='ocrx_word' id='word_1_98' title='bbox 1270 954 1433 994; x_wconf 85' lang='lat' dir='ltr'><strong>Primo:</strong></span> <span class='ocrx_word' id='word_1_99' title='bbox 1470 955 1605 994; x_wconf 89' lang='lat' dir='ltr'><strong>nullos</strong></span> <span class='ocrx_word' id='word_1_100' title='bbox 1632 956 1676 995; x_wconf 91' lang='lat' dir='ltr'><strong>in</strong></span> <span class='ocrx_word' id='word_1_101' title='bbox 1705 956 1788 995; x_wconf 91' lang='lat' dir='ltr'><strong>hoc</strong></span> <span class='ocrx_word' id='word_1_102' title='bbox 1818 956 1991 995; x_wconf 89' lang='lat' dir='ltr'><strong>concilio</strong></span> <span class='ocrx_word' id='word_1_103' title='bbox 2022 954 2204 995; x_wconf 83' lang='lat' dir='ltr'><strong>adfuisse</strong></span> 
     </span>
     <span class='ocr_line' id='line_1_12' title="bbox 273 1018 2205 1091; baseline -0.002 -13"><span class='ocrx_word' id='word_1_104' title='bbox 273 1037 504 1091; x_wconf 85' lang='lat' dir='ltr'><strong>Episcopos</strong></span> <span class='ocrx_word' id='word_1_105' title='bbox 539 1035 846 1077; x_wconf 86' lang='lat' dir='ltr'><strong>Mauretanicos</strong></span> <span class='ocrx_word' id='word_1_106' title='bbox 862 1063 874 1084; x_wconf 83' lang='lat'>‚</span> <span class='ocrx_word' id='word_1_107' title='bbox 921 1018 1094 1085; x_wconf 85' lang='lat' dir='ltr'><strong>quorum</strong></span> <span class='ocrx_word' id='word_1_108' title='bbox 1134 1037 1249 1074; x_wconf 90' lang='lat' dir='ltr'><strong>certe</strong></span> <span class='ocrx_word' id='word_1_109' title='bbox 1294 1034 1546 1074; x_wconf 89' lang='lat' dir='ltr'><strong>mentionem</strong></span> <span class='ocrx_word' id='word_1_110' title='bbox 1584 1035 1629 1074; x_wconf 92' lang='lat' dir='ltr'><strong>in</strong></span> <span class='ocrx_word' id='word_1_111' title='bbox 1675 1034 1845 1087; x_wconf 81' lang='lat' dir='ltr'><strong>epistola</strong></span> <span class='ocrx_word' id='word_1_112' title='bbox 1886 1033 1939 1073; x_wconf 92' lang='lat' dir='ltr'><strong>ad</strong></span> <span class='ocrx_word' id='word_1_113' title='bbox 1980 1033 2205 1074; x_wconf 90' lang='lat' dir='ltr'><strong>Primatem</strong></span> 
     </span>
     <span class='ocr_line' id='line_1_13' title="bbox 273 1111 2204 1170; baseline -0.003 -13"><span class='ocrx_word' id='word_1_114' title='bbox 273 1116 459 1170; x_wconf 80' lang='lat' dir='ltr'><strong>ejusdem</strong></span> <span class='ocrx_word' id='word_1_115' title='bbox 489 1115 614 1169; x_wconf 85' lang='lat' dir='ltr'><strong>hujus</strong></span> <span class='ocrx_word' id='word_1_116' title='bbox 645 1114 868 1169; x_wconf 72' lang='lat' dir='ltr'><strong>provinciae</strong></span> <span class='ocrx_word' id='word_1_117' title='bbox 902 1113 1043 1154; x_wconf 89' lang='lat' dir='ltr'><strong>facere</strong></span> <span class='ocrx_word' id='word_1_118' title='bbox 1077 1113 1246 1154; x_wconf 88' lang='lat' dir='ltr'><strong>minime</strong></span> <span class='ocrx_word' id='word_1_119' title='bbox 1273 1113 1535 1166; x_wconf 80' lang='lat' dir='ltr'><strong>neglexisset.</strong></span> <span class='ocrx_word' id='word_1_120' title='bbox 1605 1111 1827 1152; x_wconf 84' lang='lat' dir='ltr'><strong>Secundo:</strong></span> <span class='ocrx_word' id='word_1_121' title='bbox 1878 1112 2062 1152; x_wconf 85' lang='lat' dir='ltr'><strong>Africam</strong></span> <span class='ocrx_word' id='word_1_122' title='bbox 2099 1112 2204 1152; x_wconf 89' lang='lat' dir='ltr'><strong>Pro-</strong></span> 
     </span>
     <span class='ocr_line' id='line_1_14' title="bbox 274 1189 2202 1246; baseline -0.002 -10"><span class='ocrx_word' id='word_1_123' title='bbox 274 1195 532 1236; x_wconf 90' lang='lat' dir='ltr'><strong>consularem</strong></span> <span class='ocrx_word' id='word_1_124' title='bbox 568 1197 612 1234; x_wconf 89' lang='lat' dir='ltr'><strong>et</strong></span> <span class='ocrx_word' id='word_1_125' title='bbox 647 1193 883 1233; x_wconf 88' lang='lat' dir='ltr'><strong>Numidiam</strong></span> <span class='ocrx_word' id='word_1_126' title='bbox 920 1192 1137 1246; x_wconf 88' lang='lat' dir='ltr'><strong>Agrippini</strong></span> <span class='ocrx_word' id='word_1_127' title='bbox 1172 1195 1359 1244; x_wconf 88' lang='lat' dir='ltr'><strong>tempore</strong></span> <span class='ocrx_word' id='word_1_128' title='bbox 1393 1206 1516 1233; x_wconf 89' lang='lat' dir='ltr'><strong>unam</strong></span> <span class='ocrx_word' id='word_1_129' title='bbox 1550 1192 1812 1241; x_wconf 84' lang='lat' dir='ltr'><strong>constituisse</strong></span> <span class='ocrx_word' id='word_1_130' title='bbox 1839 1189 2098 1233; x_wconf 88' lang='lat' dir='ltr'><strong>Provinciam</strong></span> <span class='ocrx_word' id='word_1_131' title='bbox 2126 1191 2202 1233; x_wconf 89' lang='lat' dir='ltr'><strong>sub</strong></span> 
     </span>
     <span class='ocr_line' id='line_1_15' title="bbox 272 1271 1581 1327; baseline -0.002 -12"><span class='ocrx_word' id='word_1_132' title='bbox 272 1273 481 1327; x_wconf 84' lang='lat' dir='ltr'><strong>Episcopo</strong></span> <span class='ocrx_word' id='word_1_133' title='bbox 511 1273 861 1326; x_wconf 87' lang='lat' dir='ltr'><strong>Carthaginiensi,</strong></span> <span class='ocrx_word' id='word_1_134' title='bbox 891 1272 1017 1312; x_wconf 90' lang='lat' dir='ltr'><strong>unico</strong></span> <span class='ocrx_word' id='word_1_135' title='bbox 1045 1272 1173 1312; x_wconf 88' lang='lat' dir='ltr'><strong>totius</strong></span> <span class='ocrx_word' id='word_1_136' title='bbox 1207 1271 1362 1311; x_wconf 81' lang='lat' dir='ltr'><strong>Africae</strong></span> <span class='ocrx_word' id='word_1_137' title='bbox 1388 1271 1581 1312; x_wconf 88' lang='lat' dir='ltr'><strong>Primate.</strong></span> 
     </span>
    </p>

    <p class='ocr_par' dir='ltr' id='par_1_3' title="bbox 275 1333 2226 1960">
     <span class='ocr_line' id='line_1_16' title="bbox 455 1333 2205 1405; baseline -0.001 -13"><span class='ocrx_word' id='word_1_138' title='bbox 455 1352 498 1393; x_wconf 84' lang='lat'><strong>2.</strong></span> <span class='ocrx_word' id='word_1_139' title='bbox 554 1352 659 1394; x_wconf 84' lang='lat' dir='ltr'><strong>Mox</strong></span> <span class='ocrx_word' id='word_1_140' title='bbox 692 1364 790 1392; x_wconf 87' lang='lat' dir='ltr'><strong>vero</strong></span> <span class='ocrx_word' id='word_1_141' title='bbox 832 1354 974 1392; x_wconf 87' lang='lat' dir='ltr'><strong>auctus</strong></span> <span class='ocrx_word' id='word_1_142' title='bbox 1018 1353 1082 1391; x_wconf 89' lang='lat' dir='ltr'><strong>est</strong></span> <span class='ocrx_word' id='word_1_143' title='bbox 1118 1350 1344 1390; x_wconf 86' lang='lat' dir='ltr'><strong>Primatum</strong></span> <span class='ocrx_word' id='word_1_144' title='bbox 1391 1363 1599 1392; x_wconf 88' lang='lat' dir='ltr'><strong>numerus.</strong></span> <span class='ocrx_word' id='word_1_145' title='bbox 1676 1350 1781 1392; x_wconf 92' lang='lat' dir='ltr'><strong>Nam</strong></span> <span class='ocrx_word' id='word_1_146' title='bbox 1817 1352 1885 1392; x_wconf 85' lang='lat' dir='ltr'><strong>vix</strong></span> <span class='ocrx_word' id='word_1_147' title='bbox 1924 1333 2105 1405; x_wconf 86' lang='lat' dir='ltr'><strong>elapsum</strong></span> <span class='ocrx_word' id='word_1_148' title='bbox 2141 1353 2205 1392; x_wconf 83' lang='lat' dir='ltr'><strong>est</strong></span> 
     </span>
     <span class='ocr_line' id='line_1_17' title="bbox 276 1429 2206 1483; baseline 0 -11"><span class='ocrx_word' id='word_1_149' title='bbox 276 1431 495 1475; x_wconf 88' lang='lat' dir='ltr'><strong>dimidium</strong></span> <span class='ocrx_word' id='word_1_150' title='bbox 521 1433 706 1473; x_wconf 89' lang='lat' dir='ltr'><strong>seculum</strong></span> <span class='ocrx_word' id='word_1_151' title='bbox 736 1432 847 1472; x_wconf 90' lang='lat' dir='ltr'><strong>inter</strong></span> <span class='ocrx_word' id='word_1_152' title='bbox 869 1430 1141 1483; x_wconf 85' lang='lat' dir='ltr'><strong>Agrippinum</strong></span> <span class='ocrx_word' id='word_1_153' title='bbox 1170 1433 1212 1470; x_wconf 89' lang='lat' dir='ltr'><strong>et</strong></span> <span class='ocrx_word' id='word_1_154' title='bbox 1228 1429 1488 1482; x_wconf 82' lang='lat' dir='ltr'><strong>Cyprianum‚</strong></span> <span class='ocrx_word' id='word_1_155' title='bbox 1519 1443 1571 1470; x_wconf 87' lang='lat' dir='ltr'><strong>ex</strong></span> <span class='ocrx_word' id='word_1_156' title='bbox 1599 1443 1679 1483; x_wconf 91' lang='lat' dir='ltr'><strong>quo</strong></span> <span class='ocrx_word' id='word_1_157' title='bbox 1706 1435 1791 1472; x_wconf 88' lang='lat' dir='ltr'><strong>tres</strong></span> <span class='ocrx_word' id='word_1_158' title='bbox 1818 1432 1971 1472; x_wconf 83' lang='lat' dir='ltr'><strong>Africae</strong></span> <span class='ocrx_word' id='word_1_159' title='bbox 1987 1432 2206 1474; x_wconf 78' lang='lat' dir='ltr'><strong>Primates</strong></span> 
     </span>
     <span class='ocr_line' id='line_1_18' title="bbox 275 1505 2206 1566; baseline -0.002 -14"><span class='ocrx_word' id='word_1_160' title='bbox 275 1509 442 1566; x_wconf 81' lang='lat' dir='ltr'><strong>(Primi,</strong></span> <span class='ocrx_word' id='word_1_161' title='bbox 473 1511 704 1552; x_wconf 91' lang='lat' dir='ltr'><strong>Primarum</strong></span> <span class='ocrx_word' id='word_1_162' title='bbox 731 1510 892 1550; x_wconf 87' lang='lat' dir='ltr'><strong>sedium</strong></span> <span class='ocrx_word' id='word_1_163' title='bbox 921 1505 1168 1562; x_wconf 79' lang='lat' dir='ltr'><strong>Episcopi)4</strong></span> <span class='ocrx_word' id='word_1_164' title='bbox 1195 1509 1480 1549; x_wconf 86' lang='lat' dir='ltr'><strong>innotescunt:</strong></span> <span class='ocrx_word' id='word_1_165' title='bbox 1509 1510 1639 1563; x_wconf 88' lang='lat' dir='ltr'><strong>major</strong></span> <span class='ocrx_word' id='word_1_166' title='bbox 1670 1512 1820 1564; x_wconf 89' lang='lat' dir='ltr'><strong>quippe</strong></span> <span class='ocrx_word' id='word_1_167' title='bbox 1843 1510 2206 1563; x_wconf 87' lang='lat' dir='ltr'><strong>Carthaginiensis,</strong></span> 
     </span>
     <span class='ocr_line' id='line_1_19' title="bbox 277 1588 2206 1644; baseline -0.001 -14"><span class='ocrx_word' id='word_1_168' title='bbox 277 1591 347 1642; x_wconf 87' lang='lat' dir='ltr'><strong>qui</strong></span> <span class='ocrx_word' id='word_1_169' title='bbox 372 1591 651 1644; x_wconf 84' lang='lat' dir='ltr'><strong>metropoleos</strong></span> <span class='ocrx_word' id='word_1_170' title='bbox 679 1589 872 1642; x_wconf 87' lang='lat' dir='ltr'><strong>sedisque</strong></span> <span class='ocrx_word' id='word_1_171' title='bbox 901 1601 988 1629; x_wconf 88' lang='lat' dir='ltr'><strong>suae</strong></span> <span class='ocrx_word' id='word_1_172' title='bbox 1016 1588 1325 1642; x_wconf 84' lang='lat' dir='ltr'><strong>praerogativam</strong></span> <span class='ocrx_word' id='word_1_173' title='bbox 1350 1601 1513 1641; x_wconf 90' lang='lat' dir='ltr'><strong>semper</strong></span> <span class='ocrx_word' id='word_1_174' title='bbox 1541 1590 1671 1629; x_wconf 87' lang='lat' dir='ltr'><strong>tuitus</strong></span> <span class='ocrx_word' id='word_1_175' title='bbox 1703 1593 1780 1639; x_wconf 88' lang='lat' dir='ltr'><strong>est,</strong></span> <span class='ocrx_word' id='word_1_176' title='bbox 1815 1591 2020 1642; x_wconf 89' lang='lat' dir='ltr'><strong>primique</strong></span> <span class='ocrx_word' id='word_1_177' title='bbox 2050 1588 2206 1629; x_wconf 84' lang='lat' dir='ltr'><strong>ordinis</strong></span> 
     </span>
     <span class='ocr_line' id='line_1_20' title="bbox 275 1666 2226 1719; baseline -0.001 -9"><span class='ocrx_word' id='word_1_178' title='bbox 275 1668 357 1709; x_wconf 81' lang='lat' dir='ltr'><strong>fuit</strong></span> <span class='ocrx_word' id='word_1_179' title='bbox 387 1668 558 1718; x_wconf 86' lang='lat' dir='ltr'><strong>Primas‚</strong></span> <span class='ocrx_word' id='word_1_180' title='bbox 594 1669 699 1709; x_wconf 88' lang='lat' dir='ltr'><strong>alter</strong></span> <span class='ocrx_word' id='word_1_181' title='bbox 725 1666 946 1718; x_wconf 79' lang='lat' dir='ltr'><strong>Numidiae,</strong></span> <span class='ocrx_word' id='word_1_182' title='bbox 975 1669 1123 1708; x_wconf 87' lang='lat' dir='ltr'><strong>tertius</strong></span> <span class='ocrx_word' id='word_1_183' title='bbox 1155 1666 1335 1717; x_wconf 87' lang='lat' dir='ltr'><strong>denique</strong></span> <span class='ocrx_word' id='word_1_184' title='bbox 1363 1666 1645 1707; x_wconf 82' lang='lat' dir='ltr'><strong>Mauretaniae.</strong></span> <span class='ocrx_word' id='word_1_185' title='bbox 1701 1668 1858 1719; x_wconf 86' lang='lat' dir='ltr'><strong>Itaque,</strong></span> <span class='ocrx_word' id='word_1_186' title='bbox 1886 1670 1986 1709; x_wconf 88' lang='lat' dir='ltr'><strong>licet</strong></span> <span class='ocrx_word' id='word_1_187' title='bbox 2016 1672 2226 1709; x_wconf 56' lang='lat' dir='ltr'><strong>accurate»</strong></span> 
     </span>
     <span class='ocr_line' id='line_1_21' title="bbox 277 1745 2206 1801; baseline -0.001 -13"><span class='ocrx_word' id='word_1_188' title='bbox 277 1746 443 1789; x_wconf 90' lang='lat' dir='ltr'><strong>definiri</strong></span> <span class='ocrx_word' id='word_1_189' title='bbox 470 1752 677 1801; x_wconf 88' lang='lat' dir='ltr'><strong>nequeat,</strong></span> <span class='ocrx_word' id='word_1_190' title='bbox 724 1760 806 1800; x_wconf 89' lang='lat' dir='ltr'><strong>quo</strong></span> <span class='ocrx_word' id='word_1_191' title='bbox 837 1750 1025 1800; x_wconf 84' lang='lat' dir='ltr'><strong>tempore</strong></span> <span class='ocrx_word' id='word_1_192' title='bbox 1053 1746 1244 1786; x_wconf 88' lang='lat' dir='ltr'><strong>Ecclesia</strong></span> <span class='ocrx_word' id='word_1_193' title='bbox 1273 1745 1465 1786; x_wconf 85' lang='lat' dir='ltr'><strong>Africana</strong></span> <span class='ocrx_word' id='word_1_194' title='bbox 1499 1759 1650 1788; x_wconf 86' lang='lat' dir='ltr'><strong>novum</strong></span> <span class='ocrx_word' id='word_1_195' title='bbox 1679 1747 1948 1787; x_wconf 80' lang='lat' dir='ltr'><strong>Mauretaniae</strong></span> <span class='ocrx_word' id='word_1_196' title='bbox 1983 1748 2206 1787; x_wconf 88' lang='lat' dir='ltr'><strong>Primatem</strong></span> 
     </span>
     <span class='ocr_line' id='line_1_22' title="bbox 277 1824 2205 1880; baseline -0.001 -13"><span class='ocrx_word' id='word_1_197' title='bbox 277 1826 497 1880; x_wconf 85' lang='lat' dir='ltr'><strong>acceperit,</strong></span> <span class='ocrx_word' id='word_1_198' title='bbox 528 1825 732 1879; x_wconf 90' lang='lat' dir='ltr'><strong>probabili</strong></span> <span class='ocrx_word' id='word_1_199' title='bbox 749 1829 886 1866; x_wconf 86' lang='lat' dir='ltr'><strong>tamen</strong></span> <span class='ocrx_word' id='word_1_200' title='bbox 914 1826 1151 1879; x_wconf 87' lang='lat' dir='ltr'><strong>conjectura</strong></span> <span class='ocrx_word' id='word_1_201' title='bbox 1176 1824 1337 1875; x_wconf 85' lang='lat' dir='ltr'><strong>assequi</strong></span> <span class='ocrx_word' id='word_1_202' title='bbox 1359 1837 1585 1876; x_wconf 86' lang='lat' dir='ltr'><strong>possumus,</strong></span> <span class='ocrx_word' id='word_1_203' title='bbox 1614 1825 1771 1866; x_wconf 88' lang='lat' dir='ltr'><strong>factum</strong></span> <span class='ocrx_word' id='word_1_204' title='bbox 1796 1826 1841 1865; x_wconf 90' lang='lat' dir='ltr'><strong>id</strong></span> <span class='ocrx_word' id='word_1_205' title='bbox 1867 1839 1957 1865; x_wconf 89' lang='lat' dir='ltr'><strong>esse</strong></span> <span class='ocrx_word' id='word_1_206' title='bbox 1981 1826 2096 1865; x_wconf 91' lang='lat' dir='ltr'><strong>brevi</strong></span> <span class='ocrx_word' id='word_1_207' title='bbox 2111 1830 2205 1866; x_wconf 89' lang='lat' dir='ltr'><strong>ante</strong></span> 
     </span>
     <span class='ocr_line' id='line_1_23' title="bbox 279 1903 2208 1960; baseline 0 -14"><span class='ocrx_word' id='word_1_208' title='bbox 279 1905 526 1960; x_wconf 81' lang='lat' dir='ltr'><strong>Cyprianum</strong></span> <span class='ocrx_word' id='word_1_209' title='bbox 546 1908 747 1958; x_wconf 87' lang='lat' dir='ltr'><strong>tempore.</strong></span> <span class='ocrx_word' id='word_1_210' title='bbox 804 1904 973 1945; x_wconf 90' lang='lat' dir='ltr'><strong>Nullum</strong></span> <span class='ocrx_word' id='word_1_211' title='bbox 996 1916 1095 1944; x_wconf 84' lang='lat' dir='ltr'><strong>vero</strong></span> <span class='ocrx_word' id='word_1_212' title='bbox 1119 1903 1337 1957; x_wconf 80' lang='lat' dir='ltr'><strong>vestigium</strong></span> <span class='ocrx_word' id='word_1_213' title='bbox 1360 1905 1589 1957; x_wconf 88' lang='lat' dir='ltr'><strong>reperimus</strong></span> <span class='ocrx_word' id='word_1_214' title='bbox 1613 1904 1802 1955; x_wconf 84' lang='lat' dir='ltr'><strong>duorum,</strong></span> <span class='ocrx_word' id='word_1_215' title='bbox 1832 1916 1935 1957; x_wconf 90' lang='lat' dir='ltr'><strong>quos</strong></span> <span class='ocrx_word' id='word_1_216' title='bbox 1950 1905 2208 1947; x_wconf 87' lang='lat' dir='ltr'><strong>Mauretania</strong></span> 
     </span>
    </p>
   </div>
   <div class='ocr_carea' id='block_1_3' title="bbox 373 2057 2205 2110">
    <p class='ocr_par' dir='ltr' id='par_1_4' title="bbox 373 2057 2205 2110">
     <span class='ocr_line' id='line_1_24' title="bbox 373 2057 2205 2110; baseline 0.002 -14"><span class='ocrx_word' id='word_1_217' title='bbox 373 2062 562 2098; x_wconf 84' lang='lat' dir='ltr'><strong>Donatist.</strong></span> <span class='ocrx_word' id='word_1_218' title='bbox 580 2063 651 2098; x_wconf 93' lang='lat' dir='ltr'>III.</span> <span class='ocrx_word' id='word_1_219' title='bbox 674 2074 706 2098; x_wconf 90' lang='lat' dir='ltr'><strong>e.</strong></span> <span class='ocrx_word' id='word_1_220' title='bbox 723 2062 777 2109; x_wconf 82' lang='lat'><strong>3.)</strong></span> <span class='ocrx_word' id='word_1_221' title='bbox 812 2062 888 2098; x_wconf 83' lang='lat' dir='ltr'><strong>Sed</strong></span> <span class='ocrx_word' id='word_1_222' title='bbox 920 2061 953 2097; x_wconf 86' lang='lat' dir='ltr'><strong>si</strong></span> <span class='ocrx_word' id='word_1_223' title='bbox 980 2062 1061 2097; x_wconf 87' lang='lat' dir='ltr'><strong>haec</strong></span> <span class='ocrx_word' id='word_1_224' title='bbox 1083 2061 1222 2097; x_wconf 85' lang='lat' dir='ltr'><strong>fuisset</strong></span> <span class='ocrx_word' id='word_1_225' title='bbox 1315 2057 1335 2087; x_wconf 78' lang='grc'><strong>3</strong></span> <span class='ocrx_word' id='word_1_226' title='bbox 1357 2060 1414 2095; x_wconf 86' lang='lat' dir='ltr'><strong>De</strong></span> <span class='ocrx_word' id='word_1_227' title='bbox 1458 2061 1631 2096; x_wconf 82' lang='lat' dir='ltr'><strong>Primate</strong></span> <span class='ocrx_word' id='word_1_228' title='bbox 1676 2062 1985 2108; x_wconf 83' lang='lat' dir='ltr'><strong>Carthaginiensi</strong></span> <span class='ocrx_word' id='word_1_229' title='bbox 2047 2064 2205 2110; x_wconf 82' lang='lat' dir='ltr'><strong>ejusque</strong></span> 
     </span>
    </p>
   </div>
   <div class='ocr_carea' id='block_1_4' title="bbox 374 2130 2206 2465">
    <p class='ocr_par' dir='ltr' id='par_1_5' title="bbox 374 2130 2206 2465">
     <span class='ocr_line' id='line_1_25' title="bbox 377 2130 2204 2178; baseline 0.002 -12"><span class='ocrx_word' id='word_1_230' title='bbox 377 2132 530 2168; x_wconf 76' lang='lat' dir='ltr'><strong>canonis</strong></span> <span class='ocrx_word' id='word_1_231' title='bbox 549 2132 700 2167; x_wconf 84' lang='lat' dir='ltr'><strong>ferendi</strong></span> <span class='ocrx_word' id='word_1_232' title='bbox 717 2143 843 2176; x_wconf 78' lang='lat' dir='ltr'><strong>causa,</strong></span> <span class='ocrx_word' id='word_1_233' title='bbox 864 2144 949 2168; x_wconf 88' lang='lat' dir='ltr'><strong>eam</strong></span> <span class='ocrx_word' id='word_1_234' title='bbox 958 2135 1084 2178; x_wconf 83' lang='lat' dir='ltr'><strong>patres</strong></span> <span class='ocrx_word' id='word_1_235' title='bbox 1096 2130 1222 2166; x_wconf 82' lang='lat' dir='ltr'><strong>conci·</strong></span> <span class='ocrx_word' id='word_1_236' title='bbox 1360 2131 1514 2175; x_wconf 82' lang='lat' dir='ltr'><strong>juribus</strong></span> <span class='ocrx_word' id='word_1_237' title='bbox 1555 2134 1642 2167; x_wconf 87' lang='lat' dir='ltr'><strong>ante</strong></span> <span class='ocrx_word' id='word_1_238' title='bbox 1686 2135 1725 2166; x_wconf 89' lang='lat' dir='ltr'><strong>et</strong></span> <span class='ocrx_word' id='word_1_239' title='bbox 1769 2135 1854 2176; x_wconf 86' lang='lat' dir='ltr'><strong>post</strong></span> <span class='ocrx_word' id='word_1_240' title='bbox 1897 2133 2134 2178; x_wconf 80' lang='lat' dir='ltr'><strong>cyprianum</strong></span> <span class='ocrx_word' id='word_1_241' title='bbox 2167 2145 2204 2170; x_wconf 83' lang='lat' dir='ltr'><strong>v.</strong></span> 
     </span>
     <span class='ocr_line' id='line_1_26' title="bbox 374 2201 2204 2250; baseline 0.001 -12"><span class='ocrx_word' id='word_1_242' title='bbox 374 2203 423 2238; x_wconf 90' lang='lat' dir='ltr'><strong>lii</strong></span> <span class='ocrx_word' id='word_1_243' title='bbox 449 2202 637 2249; x_wconf 83' lang='lat' dir='ltr'><strong>expressis</strong></span> <span class='ocrx_word' id='word_1_244' title='bbox 660 2202 790 2238; x_wconf 81' lang='lat' dir='ltr'><strong>verbis</strong></span> <span class='ocrx_word' id='word_1_245' title='bbox 820 2202 1059 2238; x_wconf 84' lang='lat' dir='ltr'><strong>indicassent.</strong></span> <span class='ocrx_word' id='word_1_246' title='bbox 1099 2202 1223 2237; x_wconf 88' lang='lat' dir='ltr'><strong>Hicce</strong></span> <span class='ocrx_word' id='word_1_247' title='bbox 1365 2201 1495 2236; x_wconf 91' lang='lat' dir='ltr'><strong>Coroli</strong></span> <span class='ocrx_word' id='word_1_248' title='bbox 1515 2212 1538 2237; x_wconf 84' lang='lat' dir='ltr'><strong>a</strong></span> <span class='ocrx_word' id='word_1_249' title='bbox 1559 2201 1597 2237; x_wconf 84' lang='lat' dir='ltr'><strong>S.</strong></span> <span class='ocrx_word' id='word_1_250' title='bbox 1619 2201 1740 2236; x_wconf 86' lang='lat' dir='ltr'><strong>Paulo</strong></span> <span class='ocrx_word' id='word_1_251' title='bbox 1761 2202 1900 2248; x_wconf 85' lang='lat' dir='ltr'><strong>Geogr.</strong></span> <span class='ocrx_word' id='word_1_252' title='bbox 1925 2213 2073 2238; x_wconf 86' lang='lat' dir='ltr'><strong>sacram</strong></span> <span class='ocrx_word' id='word_1_253' title='bbox 2097 2217 2132 2250; x_wconf 87' lang='lat' dir='ltr'><strong>p.</strong></span> <span class='ocrx_word' id='word_1_254' title='bbox 2146 2204 2204 2241; x_wconf 87' lang='grc'><strong>81.</strong></span> 
     </span>
     <span class='ocr_line' id='line_1_27' title="bbox 377 2271 2206 2320; baseline 0.002 -12"><span class='ocrx_word' id='word_1_255' title='bbox 377 2277 561 2320; x_wconf 81' lang='lat' dir='ltr'><strong>praeterea</strong></span> <span class='ocrx_word' id='word_1_256' title='bbox 574 2284 692 2309; x_wconf 84' lang='lat' dir='ltr'><strong>canon</strong></span> <span class='ocrx_word' id='word_1_257' title='bbox 713 2273 885 2319; x_wconf 82' lang='lat' dir='ltr'><strong>primum</strong></span> <span class='ocrx_word' id='word_1_258' title='bbox 901 2274 1002 2309; x_wconf 85' lang='lat' dir='ltr'><strong>latus</strong></span> <span class='ocrx_word' id='word_1_259' title='bbox 1024 2272 1142 2307; x_wconf 77' lang='lat' dir='ltr'><strong>fuisse</strong></span> <span class='ocrx_word' id='word_1_260' title='bbox 1163 2271 1224 2306; x_wconf 83' lang='lat' dir='ltr'><strong>vi-</strong></span> <span class='ocrx_word' id='word_1_261' title='bbox 1363 2271 1576 2317; x_wconf 86' lang='lat' dir='ltr'><strong>Dupinium</strong></span> <span class='ocrx_word' id='word_1_262' title='bbox 1592 2271 1631 2306; x_wconf 87' lang='lat' dir='ltr'><strong>in</strong></span> <span class='ocrx_word' id='word_1_263' title='bbox 1643 2272 1783 2318; x_wconf 85' lang='lat' dir='ltr'><strong>Geogr.</strong></span> <span class='ocrx_word' id='word_1_264' title='bbox 1795 2272 1935 2307; x_wconf 77' lang='lat' dir='ltr'><strong>Africa:</strong></span> <span class='ocrx_word' id='word_1_265' title='bbox 1944 2284 2062 2317; x_wconf 80' lang='lat' dir='ltr'><strong>sacra,</strong></span> <span class='ocrx_word' id='word_1_266' title='bbox 2074 2274 2206 2320; x_wconf 82' lang='lat' dir='ltr'><strong>optati</strong></span> 
     </span>
     <span class='ocr_line' id='line_1_28' title="bbox 379 2341 2205 2389; baseline 0.001 -10"><span class='ocrx_word' id='word_1_267' title='bbox 379 2345 493 2379; x_wconf 84' lang='lat' dir='ltr'><strong>detur</strong></span> <span class='ocrx_word' id='word_1_268' title='bbox 514 2343 553 2379; x_wconf 88' lang='lat' dir='ltr'><strong>in</strong></span> <span class='ocrx_word' id='word_1_269' title='bbox 576 2343 744 2378; x_wconf 86' lang='lat' dir='ltr'><strong>Concilio</strong></span> <span class='ocrx_word' id='word_1_270' title='bbox 765 2343 1006 2389; x_wconf 86' lang='lat' dir='ltr'><strong>Hipponensi</strong></span> <span class='ocrx_word' id='word_1_271' title='bbox 1023 2353 1119 2377; x_wconf 89' lang='lat' dir='ltr'><strong>anno</strong></span> <span class='ocrx_word' id='word_1_272' title='bbox 1140 2341 1224 2378; x_wconf 82' lang='lat'><strong>393.</strong></span> <span class='ocrx_word' id='word_1_273' title='bbox 1367 2341 1601 2377; x_wconf 84' lang='lat' dir='ltr'><strong>Millcvitani</strong></span> <span class='ocrx_word' id='word_1_274' title='bbox 1623 2342 1725 2377; x_wconf 84' lang='lat' dir='ltr'><strong>libro</strong></span> <span class='ocrx_word' id='word_1_275' title='bbox 1751 2343 1798 2376; x_wconf 88' lang='lat' dir='ltr'><strong>de</strong></span> <span class='ocrx_word' id='word_1_276' title='bbox 1821 2342 1974 2378; x_wconf 81' lang='lat' dir='ltr'><strong>schism.</strong></span> <span class='ocrx_word' id='word_1_277' title='bbox 1988 2344 2205 2380; x_wconf 80' lang='lat' dir='ltr'><strong>Donatista-</strong></span> 
     </span>
     <span class='ocr_line' id='line_1_29' title="bbox 381 2405 2205 2465; baseline 0.001 -17"><span class='ocrx_word' id='word_1_278' title='bbox 381 2414 528 2456; x_wconf 84' lang='lat' dir='ltr'><strong>habito,</strong></span> <span class='ocrx_word' id='word_1_279' title='bbox 539 2413 674 2448; x_wconf 87' lang='lat' dir='ltr'><strong>deinde</strong></span> <span class='ocrx_word' id='word_1_280' title='bbox 685 2412 1226 2460; x_wconf 82' lang='lat' dir='ltr'><strong>repetitusinCarthaginiensi</strong></span> <span class='ocrx_word' id='word_1_281' title='bbox 1366 2425 1455 2448; x_wconf 85' lang='lat' dir='ltr'><strong>rum</strong></span> <span class='ocrx_word' id='word_1_282' title='bbox 1478 2412 1672 2458; x_wconf 64' lang='lat' dir='ltr'><strong>praemissa</strong></span> <span class='ocrx_word' id='word_1_283' title='bbox 1695 2425 1730 2458; x_wconf 85' lang='lat' dir='ltr'><strong>p.</strong></span> <span class='ocrx_word' id='word_1_284' title='bbox 1745 2413 1801 2448; x_wconf 80' lang='lat'><strong>26.</strong></span> <span class='ocrx_word' id='word_1_285' title='bbox 1824 2417 1862 2448; x_wconf 79' lang='lat' dir='ltr'><strong>et</strong></span> <span class='ocrx_word' id='word_1_286' title='bbox 1883 2405 2051 2465; x_wconf 28' lang='lat' dir='ltr'><strong>Zlicgleri</strong></span> <span class='ocrx_word' id='word_1_287' title='bbox 2069 2415 2205 2450; x_wconf 60' lang='lat' dir='ltr'><strong>Geso-h.</strong></span> 
     </span>
    </p>
   </div>
   <div class='ocr_carea' id='block_1_5' title="bbox 381 2483 2204 2600">
    <p class='ocr_par' dir='ltr' id='par_1_6' title="bbox 381 2483 2204 2600">
     <span class='ocr_line' id='line_1_30' title="bbox 381 2483 2204 2530; baseline 0.001 -11"><span class='ocrx_word' id='word_1_288' title='bbox 381 2483 509 2519; x_wconf 81' lang='lat' dir='ltr'><strong>tertio.</strong></span> <span class='ocrx_word' id='word_1_289' title='bbox 523 2483 710 2519; x_wconf 86' lang='lat' dir='ltr'><strong>cf.Fuchs</strong></span> <span class='ocrx_word' id='word_1_290' title='bbox 723 2484 948 2520; x_wconf 85' lang='lat' dir='ltr'><strong>Bibliothek</strong></span> <span class='ocrx_word' id='word_1_291' title='bbox 964 2485 1030 2519; x_wconf 87' lang='lat' dir='ltr'><strong>der</strong></span> <span class='ocrx_word' id='word_1_292' title='bbox 1038 2485 1226 2519; x_wconf 82' lang='lat' dir='ltr'><strong>Kirchen-</strong></span> <span class='ocrx_word' id='word_1_293' title='bbox 1369 2484 1434 2518; x_wconf 86' lang='lat' dir='ltr'><strong>der</strong></span> <span class='ocrx_word' id='word_1_294' title='bbox 1471 2483 1611 2518; x_wconf 79' lang='lat' dir='ltr'><strong>kirchl.</strong></span> <span class='ocrx_word' id='word_1_295' title='bbox 1634 2484 2038 2530; x_wconf 79' lang='lat' dir='ltr'><strong>Verfassungsformen</strong></span> <span class='ocrx_word' id='word_1_296' title='bbox 2065 2497 2101 2529; x_wconf 82' lang='lat' dir='ltr'><strong>p.</strong></span> <span class='ocrx_word' id='word_1_297' title='bbox 2123 2485 2204 2520; x_wconf 83' lang='lat'>158.</span> 
     </span>
     <span class='ocr_line' id='line_1_31' title="bbox 381 2554 1225 2600; baseline 0 -12"><span class='ocrx_word' id='word_1_298' title='bbox 381 2554 718 2600; x_wconf 79' lang='lat' dir='ltr'><strong>versalumlungen</strong></span> <span class='ocrx_word' id='word_1_299' title='bbox 730 2554 794 2589; x_wconf 87' lang='lat' dir='ltr'><strong>des</strong></span> <span class='ocrx_word' id='word_1_300' title='bbox 805 2555 868 2589; x_wconf 91' lang='lat' dir='ltr'><strong>IV.</strong></span> <span class='ocrx_word' id='word_1_301' title='bbox 882 2555 960 2590; x_wconf 89' lang='lat' dir='ltr'><strong>und</strong></span> <span class='ocrx_word' id='word_1_302' title='bbox 972 2556 1013 2590; x_wconf 91' lang='lat' dir='ltr'><strong>V.</strong></span> <span class='ocrx_word' id='word_1_303' title='bbox 1024 2555 1225 2589; x_wconf 81' lang='lat' dir='ltr'><strong>Jahrhun-</strong></span> 
     </span>
    </p>
   </div>
   <div class='ocr_carea' id='block_1_6' title="bbox 385 2623 2206 2686">
    <p class='ocr_par' dir='ltr' id='par_1_7' title="bbox 385 2623 2206 2686">
     <span class='ocr_line' id='line_1_32' title="bbox 385 2623 2206 2686; baseline 0.001 -27"><span class='ocrx_word' id='word_1_304' title='bbox 385 2625 469 2660; x_wconf 84' lang='lat' dir='ltr'><strong>dert</strong></span> <span class='ocrx_word' id='word_1_305' title='bbox 483 2624 554 2659; x_wconf 91' lang='grc' dir='ltr'><strong>ΙΙΙ.</strong></span> <span class='ocrx_word' id='word_1_306' title='bbox 573 2636 609 2669; x_wconf 84' lang='lat' dir='ltr'><strong>p.</strong></span> <span class='ocrx_word' id='word_1_307' title='bbox 630 2623 687 2661; x_wconf 78' lang='lat'><strong>67.</strong></span> <span class='ocrx_word' id='word_1_308' title='bbox 703 2624 762 2671; x_wconf 65' lang='grc'><strong>480.</strong></span> <span class='ocrx_word' id='word_1_309' title='bbox 785 2625 854 2661; x_wconf 88' lang='lat' dir='ltr'><strong>ubi</strong></span> <span class='ocrx_word' id='word_1_310' title='bbox 873 2635 992 2661; x_wconf 81' lang='lat' dir='ltr'><strong>canon</strong></span> <span class='ocrx_word' id='word_1_311' title='bbox 1013 2625 1133 2662; x_wconf 85' lang='lat' dir='ltr'><strong>habet</strong></span> <span class='ocrx_word' id='word_1_312' title='bbox 1155 2636 1224 2661; x_wconf 85' lang='lat' dir='ltr'><strong>nu-</strong></span> <span class='ocrx_word' id='word_1_313' title='bbox 1365 2640 1568 2676; x_wconf 50' lang='lat' dir='ltr'><strong>illustrata·</strong></span> <span class='ocrx_word' id='word_1_314' title='bbox 1617 2640 1786 2686; x_wconf 34' lang='lat' dir='ltr'><strong>Append-</strong></span> <span class='ocrx_word' id='word_1_315' title='bbox 1808 2652 1843 2686; x_wconf 49' lang='lat' dir='ltr'><strong>P·</strong></span> <span class='ocrx_word' id='word_1_316' title='bbox 1865 2643 1899 2676; x_wconf 52' lang='lat'><strong>4·</strong></span> <span class='ocrx_word' id='word_1_317' title='bbox 1924 2639 2137 2685; x_wconf 61' lang='lat' dir='ltr'>cyprianus</span> <span class='ocrx_word' id='word_1_318' title='bbox 2157 2641 2206 2677; x_wconf 64' lang='lat' dir='ltr'><strong>ad</strong></span> 
     </span>
    </p>
   </div>
   <div class='ocr_carea' id='block_1_7' title="bbox 384 2694 1820 2757">
    <p class='ocr_par' dir='ltr' id='par_1_8' title="bbox 384 2694 1820 2757">
     <span class='ocr_line' id='line_1_33' title="bbox 384 2694 1820 2757; baseline 0.01 -26"><span class='ocrx_word' id='word_1_319' title='bbox 384 2706 535 2731; x_wconf 86' lang='lat' dir='ltr'><strong>merum</strong></span> <span class='ocrx_word' id='word_1_320' title='bbox 557 2694 613 2730; x_wconf 80' lang='lat'><strong>25.</strong></span> <span class='ocrx_word' id='word_1_321' title='bbox 1366 2711 1513 2747; x_wconf 71' lang='lat' dir='ltr'><strong>cornel.</strong></span> <span class='ocrx_word' id='word_1_322' title='bbox 1541 2723 1598 2757; x_wconf 69' lang='lat' dir='ltr'><strong>ep.</strong></span> <span class='ocrx_word' id='word_1_323' title='bbox 1623 2711 1679 2747; x_wconf 84' lang='grc'><strong>48,</strong></span> <span class='ocrx_word' id='word_1_324' title='bbox 1710 2723 1743 2757; x_wconf 83' lang='lat' dir='ltr'><strong>p.</strong></span> <span class='ocrx_word' id='word_1_325' title='bbox 1764 2711 1820 2747; x_wconf 87' lang='grc'><strong>91.</strong></span> 
     </span>
    </p>
   </div>
   <div class='ocr_carea' id='block_1_8' title="bbox 1319 2568 2206 2606">
    <p class='ocr_par' dir='ltr' id='par_1_9' title="bbox 1319 2568 2206 2606">
     <span class='ocr_line' id='line_1_34' title="bbox 1319 2568 2206 2606; baseline 0.002 -2"><span class='ocrx_word' id='word_1_326' title='bbox 1319 2570 1338 2599; x_wconf 83' lang='grc'>4</span> <span class='ocrx_word' id='word_1_327' title='bbox 1361 2568 1585 2604; x_wconf 82' lang='lat' dir='ltr'><strong>Leideekeri</strong></span> <span class='ocrx_word' id='word_1_328' title='bbox 1616 2569 1780 2605; x_wconf 77' lang='lat' dir='ltr'><strong>historia</strong></span> <span class='ocrx_word' id='word_1_329' title='bbox 1811 2569 1976 2604; x_wconf 63' lang='lat' dir='ltr'><strong>ecclesiae</strong></span> <span class='ocrx_word' id='word_1_330' title='bbox 2017 2569 2206 2606; x_wconf 57' lang='lat' dir='ltr'><strong>Africana)</strong></span> 
     </span>
    </p>
   </div>
  </div>
 </body>
</html>
