2341 3340
1071 120 1134 165 21

141 259 331 310 fuerit223
386 273 520 314 neque
549 258 830 307 statuendum,
869 257 918 297 ab
955 258 1130 310 egregiis
1161 257 1275 297 hisce
1300 258 1615 311 imperatoribus
1653 261 1907 304 Christianos
1928 268 2049 315 ,tran-

141 341 287 394 quillos
338 344 380 380 et
424 340 535 393 pacis
584 335 708 377 unice
758 336 910 375 artibus
958 335 1119 375 deditos
1159 336 1374 376 deterioris
1416 338 1577 377 habitos
1617 339 1746 379 fuisse
1785 343 2047 396 conditionis,

140 434 260 473 quam
295 419 459 460 Judaeos
502 417 575 456 sub
618 415 827 455 Hadriano
857 418 899 453 et
937 414 1070 454 adhuc
1111 415 1186 454 sub
1214 415 1421 455 Antonino
1458 415 1532 455 Pio
1570 417 1774 467 rebelles,
1812 432 2050 474 quamquam

139 500 254 552 leges
301 511 324 537 a
365 492 648 534 decessoribus
694 507 836 533 eorum
881 494 973 533 latae
1017 493 1128 532 haud
1169 493 1338 535 fuerunt
1388 495 1550 535 abolitae
1567 495 1616 535 23·
1703 497 1749 536 In
1791 496 1906 537 hisce
1953 512 2049 541 vero

140 575 378 617 Christianis
419 574 532 613 Afris
569 573 699 613 fuisse
736 574 805 625 qui
844 572 994 611 divitiis
1038 572 1291 613 abundarent
1335 586 1385 612 ex
1425 574 1590 626 praediis
1629 576 1695 614 vel
1735 588 1785 614 ex
1823 580 2051 618 mercatura

136 653 310 708 paratis,
368 653 486 692 luxus
530 655 805 692 matronarum
848 651 1198 702 Christianarum,
1257 666 1378 704 quem
1421 652 1699 692 Tertullianus
1748 657 1790 692 et
1829 654 2051 707 Cyprianus

136 733 285 773 acriter
314 735 504 785 carpunt,
538 735 679 784 aperte
708 731 899 769 declarat.
954 730 1133 771 Easdem
1162 732 1236 771 has
1268 731 1426 771 divitias
1454 731 1632 783 produnt
1661 731 1904 772 Tertulliani
1931 736 2053 776 verba

137 811 308 863 Apolog.
344 823 380 850 c.
409 811 477 850 39.
517 810 570 849 de
610 809 881 861 eleemosynis
918 821 942 848 e
980 809 1174 849 thesauro
1211 809 1411 849 Ecclesiae
1451 811 1496 849 in
1537 823 1735 863 pauperes
1758 840 1770 859 ‚
1812 812 2050 866 naufragos,

135 890 336 942 captivos,
364 889 409 929 in
436 889 599 929 metalla
634 889 871 936 damnatos,
915 889 1089 941 erogatis
1120 889 1229 938 (cAP.
1258 889 1371 938 x11.).
1441 889 1488 928 In
1522 890 1705 928 exercitu
1738 890 1867 930 fuisse
1902 891 2053 933 milites

138 967 411 1017 Christianos,
448 971 562 1020 patet
593 981 644 1007 ex
670 968 811 1007 libello
846 967 898 1005 de
929 979 1079 1006 corona
1109 968 1273 1016 militis;
1325 967 1594 1008 Christianam
1624 972 1785 1021 quoque
1813 970 2054 1022 religionem

134 1047 178 1086 in
209 1058 401 1099 gynaecea
427 1046 672 1087 familiarum
700 1046 896 1086 nobilium
924 1049 1159 1098 penetrasse
1187 1046 1338 1086 docent
1372 1050 1461 1087 acta
1491 1049 1691 1100 passionis
1720 1047 1760 1087 S.
1778 1048 1819 1087 S.
1838 1048 2053 1101 Perpetuae

137 1128 180 1164 et
207 1124 450 1175 Felicitatis,
483 1139 653 1178 quarum
680 1126 793 1179 prior
825 1125 976 1164 dicitur
1006 1127 1203 1174 honesta,
1243 1127 1484 1166 liberaliter
1519 1129 1725 1167 instituta
1757 1132 1976 1175 matrona,
2011 1134 2054 1168 et

135 1204 277 1256 cippus
302 1203 542 1244 Pescenniae
574 1205 901 1257 Quodvultdeus,
940 1218 962 1244 a
990 1205 1135 1244 marito
1167 1204 1256 1256 ejus
1280 1204 1480 1243 Marcello
1510 1203 1760 1244 Proconsule
1791 1206 1960 1257 positus,
2001 1206 2055 1247 de

136 1295 216 1335 quo
250 1283 423 1324 inferius
459 1284 604 1337 Capite
642 1283 790 1325 XXVI.
825 1286 981 1336 agetur.
1049 1282 1096 1322 In
1134 1282 1251 1322 hisce
1289 1295 1386 1321 vero
1425 1284 1614 1323 omnibus
1660 1283 1902 1323 Christianis
1941 1284 2054 1326 Afris

134 1363 286 1402 multos
330 1363 430 1402 alios
478 1363 630 1412 fuisse,
676 1364 754 1403 etsi
798 1376 882 1403 non
926 1363 1088 1415 generis
1129 1362 1342 1402 nobilitate
1388 1363 1636 1414 praeclaros,
1692 1363 1871 1416 ingenue
1917 1368 2053 1405 tamen

135 1441 342 1491 educatos,
375 1442 599 1495 literisque,
629 1455 720 1494 quae
749 1443 794 1482 in
812 1442 953 1482 Africa
981 1441 1123 1494 primis
1144 1444 1238 1493 post
1254 1440 1463 1481 Christum
1486 1446 1624 1482 natum
1649 1443 1800 1482 seculis
1820 1441 2054 1492 floruere24,

134 1522 362 1570 institutos,
409 1534 564 1575 eosque
600 1521 718 1562 bonis
759 1522 912 1562 artibus
943 1526 986 1562 et
1025 1522 1248 1575 disciplinis
1286 1521 1527 1574 profitendis
1567 1521 1645 1561 sibi
1678 1522 1885 1562 interdum
1913 1535 2054 1563 neces·

136 1600 240 1639 saria
274 1600 508 1651 quaesivisse
543 1614 627 1640 non
663 1605 726 1641 est
761 1601 871 1653 quod
905 1601 1152 1641 dubitemus.
1221 1601 1298 1639 His
1334 1601 1486 1652 igitur,
1531 1613 1654 1652 quum
1691 1604 1733 1640 et
1775 1601 2054 1654 Philosophiae

137 1678 320 1729 inprimis
340 1677 644 1730 Neoplatonicae
670 1692 833 1730 operam
863 1683 1088 1728 navassent,
1116 1680 1203 1731 ipsa
1232 1678 1361 1729 major
1392 1679 1516 1716 animi
1548 1680 1705 1718 cultura
1731 1680 1782 1718 ad
1808 1681 2054 1732 amplecten-

138 1754 230 1794 dam
263 1756 506 1807 religionem
540 1756 811 1795 Christianam
839 1757 944 1794 viam
982 1757 1166 1795 munivit.
1224 1756 1280 1794 Ili
1313 1768 1396 1794 non
1427 1767 1581 1794 sacram
1608 1760 1765 1795 tantum
1789 1757 2053 1810 Scripturam,

138 1832 210 1873 sed
254 1833 381 1873 libros
426 1846 588 1885 quoque
630 1833 939 1886 'theologorum
976 1833 1302 1873 Christianorum
1342 1832 1486 1872 sedulo
1526 1833 1744 1886 legebant3
1799 1836 1909 1875 unde
1942 1837 2053 1876 facili

161 1988 197 2016 22
219 1988 401 2033 Ulpianus
434 1987 580 2034 Digest.
607 1989 638 2024 I.
665 1990 708 2033 2,
737 1991 781 2034 3,
814 1991 848 2026 3.
911 1993 975 2027 Eis
1010 1992 1071 2038 qui
1213 1990 1336 2025 vincite
1359 1996 1490 2025 nostroe
1510 1991 1693 2035 magistra
1707 1993 1932 2034 venerabilis,
1962 1993 2052 2028 Car-

228 2059 423 2092 Judaicam
434 2059 717 2103 superstitionem
729 2066 937 2106 sequa-ntur,
959 2062 1069 2096 Divus
1213 2061 1330 2106 &hago
1356 2061 1492 2104 Africae
1521 2072 1624 2094 musa
1656 2061 1827 2105 eoelestis,
1862 2063 2054 2109 Carthago

214 2159 217 2163 ,
235 2128 348 2162 Verus
366 2132 401 2162 et
418 2128 618 2172 Antoninus
638 2130 786 2166 honores
808 2131 962 2176 adipisci
982 2142 1067 2176 per-
1217 2131 1397 2165 Camoena
1450 2135 1668 2176 togatorum.
1765 2131 2052 2176 Bibliotheeam

232 2198 414 2232 miserunt.
1181 2216 1187 2225 κ
1214 2200 1571 2247 Carthaginiensem
1600 2205 1873 2237 commemorat
1907 2202 2050 2237 ibidem

164 2265 201 2292 23
226 2265 386 2301 Tertull.
399 2268 443 2301 ad
457 2267 659 2313 Scapulam
682 2281 712 2304 c.
723 2271 756 2305 4.
796 2270 897 2304 Sicut
915 2282 984 2304 ηοη
1000 2281 1071 2315 pa·
1211 2282 1247 2315 p.
1260 2269 1341 2306 359.
1394 2272 1451 2304 De
1472 2282 1510 2304 so
1532 2270 1613 2315 ipso
1636 2271 1731 2305 ibid.
1747 2275 1784 2305 et
1804 2283 1889 2318 pag.
1899 2284 1999 2318 seqq.
2012 2284 2050 2307 se

233 2336 307 2370 Iam
329 2337 373 2369 ab
395 2338 568 2379 ejusmodi
588 2340 785 2374 hominibus
801 2339 1070 2384 (Christianis)
1213 2340 1587 2387 Carthaginiensium
1607 2340 1823 2385 disciplinas
1846 2343 2050 2377 studiosius

230 2418 383 2451 poenam
408 2407 552 2443 dimovit
574 2407 744 2452 (Marcus
770 2409 990 2462 Aurelius),
1016 2409 1071 2444 ita
1211 2411 1417 2456 percolere,
1439 2422 1477 2444 se
1492 2410 1708 2455 disciplinas
1729 2422 1861 2446 eorum
1870 2412 1907 2446 in
1922 2414 2049 2458 pueri-

236 2477 309 2510 αΖὶο
329 2477 564 2521 modopalam
586 2480 766 2523 dispersit,
792 2480 941 2522 adjecta
961 2480 1070 2513 ctiam
1209 2480 1264 2515 tia
1279 2481 1379 2525 apud
1394 2491 1455 2514 eos
1468 2480 1586 2514 fuisse
1609 2481 1813 2526 adeptumg.
1841 2494 1910 2516 nec
1929 2482 2048 2516 libros

234 2547 502 2581 accusatoribus
526 2548 767 2591 damnatione,
794 2554 829 2584 et
852 2550 993 2594 quidem
1015 2553 1069 2584 te·
1208 2561 1295 2584 suos
1326 2549 1473 2584 illectos
1515 2550 1835 2595 improbatosque.
1889 2552 2048 2586 Cartha-

236 2618 356 2651 triore.
1209 2619 1399 2665 ginienses
1424 2620 1623 2664 utriusque
1652 2619 1835 2655 sermonis
1855 2620 1976 2655 Graeci
2007 2632 2049 2655 ac

165 2686 200 2713 24
226 2685 378 2731 Apuleji
396 2686 553 2721 Florida
580 2699 613 2731 p.
636 2685 717 2721 353.
772 2687 961 2733 Carthago
983 2699 1068 2732 pro·
1211 2688 1338 2723 Latini
1363 2700 1465 2733 aeque
1487 2700 1624 2735 gnaros
1650 2688 1785 2723 innuit.
