2341 3340
1057 182 1200 239 33⁴

134 320 367 363 Russicada.
696 318 699 324 ’
1114 316 1302 357 Tubuna.

135 399 329 441 Tabraca.
1110 395 1232 448 Vaga.

134 477 376 530 Tamagada.
1109 473 1234 514 Vicus
1263 472 1458 522 Caesaris,
1494 484 1529 511 v.
1557 472 1673 514 Noba
1703 455 1898 514 Caesarea.

135 555 298 597 Tar-asa.
1107 552 1257 592 Ululae.

135 633 326 673 OE‘ebeste.
1109 631 1246 671 Zama.

891 786 1278 831 MAVRETANIA.

132 867 251 908 Bilta.
1111 866 1246 916 Nova,
1281 878 1317 907 v.
1345 866 1461 908 Noba
1489 867 1772 909 Caesarcensis.

131 946 283 998 Burug.
316 946 466 986 deinde
494 946 637 986 Burca.
1113 944 1248 995 Obba,
1287 947 1511 997 v.,B0bba‚
1545 947 1788 1001 Tingitanae.

133 1024 204 1065 Ida
220 1025 489 1064 Caesarcensis
505 1026 769 1077 probabiliter
796 1026 939 1066 eadem
973 1037 1065 1077 qnae

245 1103 447 1156 Cypriano
476 1104 606 1155 Epist.
635 1104 702 1144 23.
731 1104 874 1145 Didda.
1113 1102 1252 1144 Tucca
1290 1101 1509 1144 Sitifensis.

310 1261 432 1301 Haud
465 1273 562 1302 vero
601 1274 740 1302 omnes
778 1262 1003 1314 Episcopus
1044 1260 1331 1312 Carthaginem
1369 1260 1628 1308 convenisse,
1670 1259 1735 1299 vel
1764 1272 1815 1300 ex
1844 1271 1898 1300 eo>
1921 1266 2046 1314 patet,

134 1340 244 1391 quod
280 1341 369 1393 ipse
414 1339 638 1392 Cyprianus
686 1342 804 1380 initio
852 1340 1026 1380 Concilii
1071 1341 1209 1380 literas
1251 1338 1438 1378 Jubaiani
1482 1338 1725 1391 Coepiscopi
1770 1339 1947 1379 absentis
1994 1340 2046 1380 de

133 1419 333 1471 baptismo
362 1419 664 1467 haereticorum,
693 1419 744 1458 ad
778 1431 898 1470 quem
921 1431 1083 1471 quoque
1113 1420 1252 1472 plures
1281 1419 1436 1458 litteras
1467 1418 1581 1457 dedit
1607 1417 1857 1470 superstites,
1885 1419 2050 1459 recitari

127 1499 263 1552 jussit.
322 1499 448 1552 Cujus
476 1511 572 1537 vero
590 1498 810 1538 Jubaianus
838 1499 907 1538 hic
930 1499 1042 1538 urbis
1068 1498 1196 1537 suerit
1214 1498 1454 1551 Episcopus,
1481 1498 1600 1549 plane
1615 1497 1858 1548 ignoramus.
1916 1497 2048 1537 Aliam

136 1578 188 1618 de
221 1579 303 1618 hoc
335 1577 517 1617 Concilio
556 1590 637 1616 una
679 1590 771 1617 cum
811 1578 867 1617 66
909 1577 1110 1630 episcopis
1147 1576 1372 1629 Cyprianus
1411 1576 1525 1616 dedit
1562 1575 1774 1627 epistolam
1810 1575 1862 1615 ad
1899 1576 2049 1615 Fidum

137 1658 220 1710 (ep.
242 1657 311 1696 64.
341 1671 380 1708 p.
406 1655 517 1706 158.)
547 1657 717 1695 incertae
744 1657 856 1696 urbis
872 1686 883 1705 ‚
925 1669 1014 1707 quae
1036 1659 1174 1695 tamen
1201 1655 1311 1694 haud
1333 1656 1477 1707 procul
1499 1668 1523 1693 a
1553 1654 1672 1693 Bulla
1693 1653 1920 1694 Provinciae
1949 1654 2049 1694 Pro-

138 1735 358 1774 consularis
398 1734 536 1773 dissita
567 1733 741 1781 videtur,
770 1735 1031 1786 Episcopum.
1091 1733 1235 1784 Neque
1269 1733 1416 1772 desunt
1446 1733 1536 1771 aliae
1567 1732 1702 1780 urbes,
1738 1744 1830 1784 quae
1859 1732 2050 1784 Cypriani

130 1813 217 1867 jam
248 1816 433 1864 tempore
469 1824 563 1850 suos
591 1811 823 1849 habuerunt
852 1812 1092 1863 Episcop0s‚
1122 1823 1158 1849 v.
1188 1823 1222 1849 c.
1251 1811 1486 1850 Scillz'tmza
1517 1810 1587 1848 illa
1608 1810 1696 1861 jam
1725 1813 2049 1859 commemorata,

137 1907 161 1933 a
188 1890 438 1942 Martyribus
470 1889 552 1928 suis
586 1888 762 1937 nobilis,
802 1889 900 1928 licet
925 1889 968 1928 in
999 1889 1113 1928 Actis
1147 1888 1322 1928 Concilii
1353 1888 1440 1941 ejus
1473 1887 1701 1940 Episcopus
1735 1888 1844 1927 haud
1879 1888 2050 1941 legatur,

139 1974 181 2011 et
218 1971 575 2019 Saturnicensss,
619 1968 735 2021 cujus
773 1967 1001 2021 Episcopus
1044 1968 1174 2009 fuisse
1217 1967 1379 2008 videtur
1413 1968 1659 2022 Repostus,
1701 1968 1770 2020 qui
1812 1981 1835 2007 a
1869 1966 2049 2019 partibus

136 2049 288 2090 Privati
316 2049 429 2088 stetit
439 2048 487 2087 2⁹.

161 2205 198 2234 29
223 2204 405 2252 Cypriani
427 2204 545 2249 Epist.
568 2203 625 2239 59.
658 2216 693 2249 p.
717 2203 797 2239 133.

311 2813 474 2848 Mia'nteri
500 2813 701 2848 Primordfa
727 2814 894 2848 Ecclesia?
920 2815 1112 2856 Afrr'eanoe.
