2341 3340
1153 85 1185 129 3

969 219 1186 277 eAP.
1263 219 1367 276 II.

214 317 413 361 BREVIS
466 316 825 358 CONSPECTUS
867 317 1186 358 RELIGIONIS
1236 316 1501 372 ETHNICAE
1557 318 1758 370 QUALIS
1806 321 1862 362 IN
1912 323 2116 366 AFRICA

990 396 1340 436 COLEBATUR.

213 565 253 606 1.
309 539 479 613 Vetus
502 566 894 621 Carthaginiensium
914 569 1075 621 religio,
1109 567 1372 608 ePhoenicio
1396 572 1594 609 astrorum
1620 571 1732 609 cultu
1751 570 1935 620 oriunda,
1968 584 2018 611 ex
2039 585 2117 624 quo

210 642 385 684 Romani
423 649 517 697 post
561 647 716 686 hancce
753 648 905 688 Africae
943 648 1185 699 metropolin
1225 648 1425 696 excisam,
1466 649 1625 688 colonia
1660 648 1864 698 deducta,
1902 662 2045 690 novam
2075 652 2119 691 in

213 711 479 764 eodemtere
519 725 598 764 situ
634 726 777 765 urbem
809 727 1102 774 condiderant,
1139 739 1282 765 novam
1320 727 1486 778 quidem
1514 727 1660 766 faciem
1687 727 1850 776 induit3
1885 733 2120 770 manserunt

209 813 307 841 vero
336 803 477 842 eadem
506 804 668 844 mutatis
692 805 973 844 tantummodo
996 805 1225 844 nominibus
1253 806 1431 845 numina.
1492 806 1595 845 Nam
1606 807 1791 847 Baalum
1807 806 1871 845 vel
1891 805 2118 848 Toladmnl

208 878 307 940 Ἶξὶπ,
342 881 536 922 Saturni
559 883 634 922 sub
667 885 831 923 nomine
860 884 1033 924 Romani
1065 897 1180 935 aeque
1213 897 1259 923 ac
1291 888 1451 923 veteres
1482 884 1837 936 Carthaginienses
1865 886 2000 937 prisco
2029 886 2120 925 fere

207 958 290 999 ritu
330 961 553 999 coluerunt.
631 961 779 1002 Seculo
824 964 931 1002 enim
983 963 1116 1002 adhuc
1161 963 1283 1002 tertio
1329 964 1596 1003 humanarum
1637 963 1861 1003 hostiarum
1903 968 2122 1005 occurrunt

207 1036 358 1077 indicia
383 1039 488 1090 apud
506 1039 803 1080 Tertullianum
820 1042 1077 1094 Apologetici
1100 1054 1136 1080 c.
1153 1042 1193 1079 9.
1223 1045 1265 1080 et
1279 1040 1553 1094 Porphyrium
1583 1042 1634 1081 de
1667 1043 1909 1082 abstinentia
1926 1042 1977 1082 II.
1999 1043 2116 1083 02²7.

207 1114 370 1156 Astarte
406 1122 567 1166 autem,
611 1118 1012 1172 Carthaginiensibus
1042 1121 1229 1159 Tolatlza
1269 1118 1399 1178 τπξζῆῖ,
1446 1121 1489 1158 in
1525 1120 1706 1158 Romana
1737 1120 1981 1173 Carthagine
2022 1123 2119 1162 Dea

209 1196 415 1237 Coelestz's
447 1197 567 1245 dicta,
596 1210 746 1236 novum
777 1198 899 1249 idque
933 1196 1305 1249 splendidissimum
1337 1197 1480 1235 habuit
1505 1198 1713 1249 templum,
1749 1199 1921 1237 oraculis
1948 1200 2119 1248 illustre,

206 1285 284 1314 nec
315 1276 393 1315 nisi
423 1279 596 1314 exeunte
625 1288 705 1315 sec.
728 1276 785 1316 IV
811 1277 876 1315 vel
901 1277 1068 1314 ineunte
1094 1274 1131 1316 V
1152 1274 1416 1314 destructum.
1476 1276 1579 1328 Ejus
1610 1277 1763 1315 cultum
1785 1266 1967 1316 indicant
1994 1277 2120 1326 numi,

207 1351 358 1392 Severo
383 1354 559 1407 filiisque
587 1355 878 1408 imperantibus
908 1355 1007 1400 cusi,
1039 1366 1212 1394 mnum-
1236 1367 1364 1393 Area.
1398 1366 1446 1394 IN
1473 1367 1630 1394 cAR'rH.
1661 1355 1867 1407 inscripti,
1902 1356 1945 1394 in
1973 1356 2120 1407 quibus

206 1431 376 1472 fulmine
411 1436 453 1472 et
493 1438 653 1486 sceptro
700 1435 765 1473 vel
805 1433 977 1472 fulmine
1011 1415 1291 1485 *tympanoque
1325 1433 1521 1472 instructa
1556 1436 1600 1472 et
1642 1434 1811 1472 coelesti
1846 1434 1967 1472 leone
2004 1436 2119 1473 vecta

205 1511 398 1564 pingitur.
460 1511 752 1552 Celebritatem
780 1525 877 1551 vero
912 1524 986 1564 per
1020 1515 1152 1551 totum
1186 1512 1328 1551 orbem
1362 1511 1589 1550 Romanum
1620 1515 1682 1550 tot
1709 1512 2017 1563 inscriptiones,
2048 1512 2119 1564 jus

206 1588 337 1640 legata
365 1590 564 1641 capiendi,
597 1591 777 1642 ipsaeque
805 1591 913 1629 inter
942 1603 1031 1629 eam
1062 1594 1104 1628 et
1134 1590 1398 1641 Elagabalum
1432 1589 1642 1640 Syriacum
1672 1589 1778 1628 Solis
1805 1590 1936 1629 Deum
1965 1590 2119 1642 nuptiae

206 1680 230 1706 a
257 1679 404 1706 vesano
434 1669 505 1706 illo
537 1668 745 1706 Antonino
779 1668 1000 1719 Elagabalo
1038 1667 1286 1717 Imperatore
1325 1667 1551 1705 conciliatae
1587 1667 1747 1705 abunde
1783 1671 2113 1708 commonstrant.

204 1743 327 1784 Unde
341 1725 463 1783 l'acile
476 1746 644 1797 patebit,
660 1745 865 1784 Romanos
883 1744 1239 1795 Carthaginienses
1253 1756 1368 1794 aeque
1383 1756 1428 1781 ac
1443 1743 1620 1782 Punicos
1636 1744 1737 1783 duos
1750 1758 1914 1797 magnos
1927 1749 2116 1795 Cabiros,

204 1826 322 1866 Deos
340 1825 482 1871 Potes,
513 1823 586 1862 sub
611 1822 774 1862 Saturni
799 1826 839 1861 et
869 1822 966 1861 Deoe
987 1821 1187 1860 Coelestis
1211 1822 1480 1873 appellatione
1506 1822 1693 1861 coluisse.
1751 1822 1854 1862 Cum
1874 1825 2116 1866 Melcartho

204 1901 346 1954 Tyrio,
376 1902 769 1953 Carthaginiensium
793 1898 890 1954 Θεῷ
913 1894 1127 1956 πατρῴῳ,
1159 1900 1203 1938 ἰη
1229 1912 1355 1939 unum
1383 1913 1533 1940 numen
1547 1902 1697 1940 coaluit
1709 1901 1910 1942 Hercules
1925 1902 2116 1954 Libycus,

203 1978 320 2033 cujus
357 1980 503 2031 religio
536 1983 648 2018 certe
691 1979 742 2017 ad
779 1978 1032 2017 Constantini
1068 1990 1197 2029 usque
1232 1981 1415 2030 tempora
1434 2007 1446 2027 ,
1489 1978 1736 2031 Carthagine
1777 1983 1819 2018 et
1855 1993 1930 2033 per
1961 1981 2116 2021 Africae

203 2059 356 2107 urbes,
403 2059 446 2097 in
483 2057 623 2106 Italia,
670 2057 865 2108 Hispania
912 2060 1033 2107 atque
1079 2056 1210 2095 Gallia
1250 2056 1399 2096 floruit.
1472 2056 1686 2097 Immensae
1725 2059 1813 2111 ejus
1849 2072 1924 2111 per
1952 2072 2115 2100 omnem

204 2119 469 2175 Occidentem
499 2140 614 2176 erant
653 2135 835 2182 divitiae3
880 2134 1050 2173 decimae
1079 2135 1118 2172 ei
1153 2134 1455 2184 solvebantur3,
1491 2136 1682 2188 idemque
1718 2138 1756 2175 ei
1795 2138 1902 2189 quod
1939 2137 2114 2177 Astartae

203 2226 255 2253 ex
277 2214 477 2253 beneficio
510 2215 598 2254 sine
627 2213 750 2253 dubio
768 2212 910 2252 Severi
941 2216 1011 2252 aut
1024 2212 1242 2253 Caracallae
1272 2213 1529 2266 competebat
1551 2215 1634 2268 jus,
1667 2215 1775 2267 quod
1796 2216 1930 2255 haeres
1957 2216 2113 2257 institui

249 2365 263 2394 l
291 2367 384 2402 Vide
397 2368 662 2414 Inscriptiones
681 2368 842 2404 Punicas
862 2369 1133 2415 Lugdunenses
1274 2370 1525 2416 thaginiensis
1556 2370 1622 2405 ille
1642 2370 1739 2405 Baal
1756 2368 1820 2418 *ki-1
1847 2374 2017 2407 vocatur.
2059 2371 2110 2407 cf.

296 2447 319 2471 a
352 2437 479 2471 celeb.
512 2440 732 2472 Hamakcro
773 2438 964 2482 (Diatribe
999 2439 1133 2474 Philo-
1279 2454 1315 2487 p.
1334 2441 1389 2476 16.

295 2506 585 2552 logico-Critica
619 2508 664 2541 de
698 2509 952 2542 monumentis
986 2508 1132 2553 aliquot
1226 2510 1243 2538 2
1267 2509 1348 2558 :alai-⁸.
1398 2511 1444 2544 In
1470 2511 1566 2544 Insc.
1587 2509 1710 2556 Lugd.
1730 2509 1763 2545 1.
1782 2513 1820 2544 et
1836 2510 1870 2545 2.

294 2576 461 2610 Punicis.
500 2576 675 2621 Lugdun.
700 2577 786 2612 Bat.
812 2577 916 2617 1822.
963 2589 999 2622 p.
1017 2577 1051 2611 1.
1074 2577 1128 2623 8.)
1223 2579 1241 2606 3
1265 2580 1440 2614 Decimas
1471 2579 1634 2614 Herculi
1667 2579 1974 2625 Carthaginiensi
2005 2580 2108 2616 solu-

295 2645 462 2681 feliciter
499 2645 706 2689 explicatas
726 2670 737 2687 ,
781 2646 821 2681 in
864 2646 1002 2691 quibus
1036 2648 1128 2682 Car·
1267 2652 1324 2683 tas
1351 2651 1623 2683 commemorat
1653 2648 1855 2693 Inscriptio
1884 2660 2041 2693 sequens
2066 2650 2106 2685 in
