2341 3340
1056 138 1162 186 157

814 275 865 331 C
886 274 1034 331 ΑΡ.
1113 274 1170 329 Χ
1191 275 1246 329 Χ
1267 275 1300 330 Ι
1322 275 1395 332 V.

330 376 463 418 ALIA
521 373 780 416 CONGILIA
837 373 1120 413 AFRICANA
1178 373 1248 413 An
1308 373 1638 417 CYPRIANUM
1695 378 1892 432 USQUE.

150 548 188 587 1.
245 522 342 593 De
378 546 546 596 reliquis
586 545 768 584 conciliis
808 546 852 585 in
894 545 1087 585 Africana
1124 545 1309 584 Ecclesia
1353 547 1540 599 tempore
1577 549 1684 588 inter
1718 551 1984 604 Agrippinum
2019 559 2061 594 et

149 626 395 679 Cyprianum
442 624 578 674 elapso
616 623 767 663 habitis
803 637 929 676 pauca
967 627 1123 663 tantum
1161 636 1289 674 eaque
1327 624 1444 664 valde
1499 626 1784 678 fragmentaria
1829 632 2060 671 testimonia

147 704 421 744 inveniuntur.
502 700 625 740 Plura
658 704 793 741 tamen
835 702 991 750 fuisse,
1035 702 1151 741 valde
1190 706 1253 740 est
1286 702 1494 753 probabile
1530 717 1580 743 ex
1617 718 1760 757 magna
1798 708 2061 749 ecclesiarum

148 781 370 822 concordia
400 779 592 831 Cypriani
622 783 760 832 aetate,
799 793 890 831 quae
919 793 969 820 ex
998 781 1179 832 epistolis
1209 780 1296 832 ejus
1333 786 1528 833 apparet:
1579 783 1687 822 unde
1720 784 1869 823 multos
1901 785 2061 828 habitos

148 863 394 907 conventus,
438 862 646 907 totamque
684 858 957 897 hierarchiam
990 859 1306 897 ecclesiasticam
1335 860 1441 898 bene
1475 861 1698 900 ordinatam
1732 861 1859 901 fuisse
1894 868 2062 904 constat.

146 938 356 979 Praeterea
397 937 439 975 in
479 935 799 975 ordinationibus
841 949 1035 976 novorum
1071 936 1365 988 Episcoporum
1404 938 1822 991 Carthaginiensium,
1867 942 1943 981 etsi
1980 955 2060 982 non

152 1028 314 1063 omnes,
358 1015 507 1053 multos
543 1018 678 1053 tamen
714 1015 898 1067 ejusdem
934 1015 1151 1067 provinciae
1185 1015 1398 1067 episcopos
1440 1020 1705 1066 convenisse,
1752 1019 1934 1070 aliosque
1976 1024 2062 1061 tum

151 1096 364 1148 episcopos
399 1097 485 1132 tum
516 1093 776 1145 presbyteros
808 1094 1006 1132 variorum
1040 1093 1294 1152 negotiorum
1320 1106 1438 1134 causa
1459 1095 1743 1148 Carthaginem
1769 1110 1877 1149 saepe
1901 1099 2061 1147 adiisse,

155 1186 237 1214 nou
268 1175 330 1212 est
351 1172 403 1210 de
432 1183 512 1220 quo
543 1171 792 1211 dubitemus:
825 1173 866 1211 in
897 1173 1039 1223 quibus
1067 1176 1199 1211 autem
1233 1174 1509 1221 conventibus,
1538 1175 1628 1225 plus
1658 1175 1841 1215 minusve
1868 1176 2061 1229 frequen-

151 1252 258 1302 tatis,
291 1250 400 1290 haud
424 1262 516 1289 raro
546 1249 597 1288 de
627 1250 750 1289 rebus
775 1262 937 1300 quoque
963 1250 1248 1289 ecclesiasticis
1277 1253 1412 1288 actum
1438 1250 1530 1290 fuit.

327 1330 367 1369 2.
427 1329 610 1368 Concilia
624 1329 816 1367 Africana
844 1327 955 1367 haud
985 1327 1108 1365 dubie
1133 1326 1302 1366 eandem
1331 1328 1561 1370 habuerunt
1587 1331 1774 1381 formam,
1793 1345 1910 1384 quam
1921 1333 2064 1374 Graeca

150 1411 232 1457 illa,
253 1408 303 1449 ad
328 1420 499 1459 quorum
515 1408 784 1447 imitationem
811 1406 994 1446 instituta
1017 1406 1148 1445 fuere.
1204 1405 1399 1459 Episcopi
1429 1409 1552 1460 igitur
1577 1414 1791 1461 antequam
1818 1412 1859 1450 in
1888 1412 2064 1451 concilio

153 1488 441 1534 deliberarent,
463 1485 632 1538 jejuniis
665 1490 785 1537 atque
814 1485 1004 1538 precibus
1030 1499 1052 1525 a
1079 1485 1165 1525 Deo
1189 1486 1318 1525 lucem
1344 1487 1577 1538 poscebant.
1638 1490 1898 1538 Conventus,
1931 1491 2064 1542 inquit

153 1566 455 1612 Tertullianus,
503 1566 593 1612 illi,
633 1565 896 1604 stationibus
920 1566 1049 1618 prius
1082 1570 1126 1605 et
1150 1565 1502 1618 jejunationibus
1535 1569 1709 1621 operati
1720 1597 1732 1615 ,
1778 1569 1925 1610 dolere
1968 1583 2064 1609 cum

151 1644 394 1684 dolentibus
433 1649 476 1683 et
509 1645 573 1682 ita
613 1643 780 1682 demum
823 1642 1098 1694 congaudere
1133 1644 1422 1696 gaudentibus
1455 1652 1622 1686 norunt
1647 1643 1676 1697 ¹.-
1736 1646 1780 1685 In
1810 1647 1861 1685 iis
1891 1647 1961 1686 ille
1994 1646 2064 1698 qui

153 1720 425 1774 praesidebat,
480 1721 514 1759 si
557 1720 803 1771 Carthagine
848 1714 914 1757 v'el
958 1720 1000 1758 in
1043 1706 1510 1762 Africa⁷Proconsulari
1558 1725 1899 1774 celebrabantur,
1942 1724 2064 1777 hujus

152 1800 434 1850 Metropoleos
468 1799 706 1850 Episcopus,
739 1797 773 1835 si
802 1797 844 1835 in
867 1796 1057 1836 Numidia
1090 1800 1158 1836 aut
1183 1797 1452 1848 Mauretania,
1481 1800 1636 1841 Primas
1659 1803 1897 1851 Provinciae,
1930 1802 2064 1843 Senex

153 1877 376 1916 secundum
411 1880 570 1916 aetatem
612 1874 908 1922 ordinationis,
954 1874 1156 1926 synodum
1198 1875 1312 1915 brevi
1350 1877 1525 1929 alloquio
1564 1882 1747 1932 aperuit,
1792 1882 2064 1933 epistolasque

154 1957 319 1996 recitari
341 1956 464 2008 jussit
495 1954 547 1993 ad
577 1954 797 2006 negotium,
828 1953 879 1992 de
905 1966 984 2005 quo
1016 1954 1218 2005 agendum
1248 1961 1368 2006 esset,
1401 1959 1665 2009 pertinentes.
1724 1959 1953 1999 Sententias
1978 1964 2065 1999 tum

155 2046 246 2072 suas
278 2033 417 2072 dixere
457 2033 664 2084 episcopi,
706 2033 776 2082 qui
805 2032 1069 2071 ecclesiarum
1098 2045 1260 2073 suarum
1294 2036 1457 2075 nomine
1491 2042 1775 2077 convenerant.
1831 2038 1888 2078 Hi
1916 2042 2064 2086 autem,

156 2113 191 2150 si
228 2123 277 2150 ex
314 2111 412 2149 actis
450 2111 611 2149 concilii
651 2109 995 2162 Carthaginiensis
1038 2111 1113 2150 sub
1155 2111 1356 2163 Cypriano
1391 2114 1519 2153 habiti
1558 2116 1712 2167 aliquid
1752 2118 1795 2156 in
1831 2117 2064 2157 universum

157 2189 350 2241 colligere
381 2189 491 2236 licet,
521 2188 765 2240 promiscue,
801 2188 913 2227 nullo
946 2200 1078 2238 neque
1107 2189 1402 2240 provinciarum
1429 2204 1562 2243 neque
1590 2194 1692 2233 senii
1719 2195 1861 2234 ordine
1892 2199 2064 2242 servam,

157 2267 374 2315 sedebant,
413 2267 730 2318 suffragiumque
759 2266 919 2306 dabant.
987 2266 1098 2306 Dixit
1130 2269 1236 2308 enim
1270 2268 1544 2310 Pudentianus
1577 2285 1600 2310 a
1632 2272 1791 2311 Cuiculi
1822 2275 1891 2325 qui
1918 2274 2064 2314 ¹71mus

159 2349 266 2385 erat:
313 2347 486 2385 novitas
517 2347 789 2399 episcopatus
807 2345 939 2396 fecit,
972 2351 1021 2385 ut
1048 2349 1309 2388 sustinerem
1342 2349 1445 2402 quid
1471 2350 1660 2403 majores
1681 2351 1986 2404 ιῘῑιίίἱοανεητκῖς
2023 2356 2065 2391 et

157 2427 250 2476 post
283 2435 375 2461 eum
403 2422 456 2461 13
481 2423 548 2462 alii
576 2423 702 2462 locuti
730 2426 837 2461 sunt.
894 2421 1143 2464 Absentibus
1164 2438 1325 2476 quoque
1345 2427 1500 2467 licitum
1534 2432 1620 2468 erat
1645 2441 1720 2481 per
1748 2430 1848 2469 alios
1878 2430 2065 2483 suffragia

158 2515 230 2541 sua
256 2500 380 2540 ferre.
438 2498 506 2539 Sic
533 2499 685 2540 Natalis
712 2501 760 2540 ab
796 2500 882 2540 Oea
914 2500 957 2541 in
986 2501 1133 2542 eodem
1162 2505 1361 2554 concilio,
1401 2507 1564 2546 nomine
1597 2506 1783 2560 Pompeii
1813 2507 2064 2550 Sabratensis

159 2599 2064 2618 mmmm—*q*-

205 2654 221 2683 l
247 2656 302 2690 De
327 2654 484 2699 jejuniis
515 2667 545 2688 c.
568 2654 626 2689 13.
1021 2700 1023 2703 ι
1179 2659 1197 2689 2
1226 2660 1406 2707 Cypriani
1439 2660 1565 2706 opera
1595 2672 1630 2706 p.
1656 2662 1735 2696 242.
1769 2662 1853 2699 241..
