2341 3340
1225 140 1324 187 178

317 288 543 341 Martyres:
581 290 715 329 Immo
753 294 797 328 et
829 301 923 341 qnae
952 281 1079 342 justa
1116 290 1223 325 sunt
1255 297 1359 325 caro
1394 297 1483 324 non
1523 285 1688 325 amittit
1722 298 1804 339 per
1833 298 1985 325 curam
2023 286 2229 335 ecclesiae,

318 384 491 423 agapen
510 371 736 422 fratrum,
775 380 900 419 quum
929 367 1017 406 sine
1041 366 1164 405 dubio
1188 363 1398 424 fratribpum
1439 363 1627 415 inprimis
1651 362 1900 411 diaconis25,
1938 363 2008 414 qui
2024 366 2231 416 fratrum

318 450 488 490 auxilia
515 446 623 502 (cap.
642 449 680 486 1.
707 447 801 495 init)
833 447 884 486 iis
909 445 1278 492 subministrabant,
1314 428 1447 482 allitus
1476 442 1528 482 ad
1557 455 1763 486 carcerem
1787 446 1946 495 pateret
1958 442 2013 491 ²5,
2048 443 2232 494 lapsique

316 527 429 568 haud
451 527 780 575 excluderentur,
809 528 882 580 qui
897 541 1049 581 pacem
1067 525 1186 566 haud
1204 522 1423 570 habentes,
1454 536 1480 562 a
1497 523 1771 576 Martyribus
1788 524 1834 563 in
1851 536 2026 563 carcere
2046 527 2233 561 exorare

316 612 651 648 consueverunt.
716 604 863 656 Neque
898 605 1133 645 reticendus
1169 602 1271 642 alius
1301 601 1490 654 Septimii
1518 603 1633 642 locus
1667 603 1720 641 de
1745 603 1889 655 jejuno
1926 601 1985 656 (c.
2013 600 2097 650 12.)
2135 600 2234 639 licet

315 686 384 726 hic
412 686 522 727 haud
551 686 639 725 sine
669 686 729 725 ira
758 687 932 738 scriptus
955 686 1008 726 sit
1036 684 1085 724 ab
1116 695 1166 722 eo
1195 681 1450 722 Montanista
1471 683 1558 735 jam
1588 666 1721 731 fact03
1761 682 1871 721 unde
1899 684 2024 734 patet,
2055 679 2234 732 captivos

293 819 295 821 ,
316 780 340 807 a
365 765 608 806 Christianis
629 765 835 806 interdum
860 766 970 805 laute
996 764 1124 803 fuisse
1156 762 1332 812 habitos,
1362 766 1405 803 et
1417 761 1682 816 Magistratus
1710 774 1808 814 erga
1839 773 1909 801 eos
1937 760 2047 801 haud
2071 771 2234 812 semper

316 848 538 888 extremam
571 845 802 884 exercuisse
835 846 1092 885 severitatem
1104 841 1153 882 2⁷.

338 999 375 1028 ²5
398 1000 582 1046 Cypriani
613 1000 721 1045 epist.
738 1000 796 1035 11.
851 1001 998 1045 Semper
1031 988 1096 1034 sub
1147 1003 1253 1034 ante·
1394 999 1534 1035 infimae
1563 1000 1782 1046 latinitatis)
1825 1003 1862 1035 et
1884 998 2073 1033 Africanae
2114 995 2235 1042 origi-

411 1072 607 1105 cessoribus
630 1072 760 1105 nostris
783 1073 932 1114 factum
953 1076 1019 1113 est,
1044 1075 1086 1105 ut
1110 1069 1256 1104 diaconi

410 1141 462 1175 ad
481 1153 661 1176 carcerem
691 1147 928 1176 commeantes
958 1145 1157 1187 martyrum
1188 1141 1254 1177 de-

411 1212 546 1246 sideria
560 1212 713 1246 consiliis
731 1213 805 1246 suis
823 1217 858 1246 et
877 1213 1141 1257 scripturarum
1156 1224 1252 1257 prce-

412 1283 525 1326 ceptis
546 1283 807 1327 gubernarent.
856 1283 965 1317 Idem
994 1283 1129 1316 doccut
1161 1282 1255 1316 Acta

411 1350 575 1397 Martyr.
603 1352 639 1387 S.
664 1352 700 1387 S.
726 1353 924 1397 Perpetuae
956 1356 994 1387 et
1029 1352 1254 1394 Felicitatis,

410 1420 480 1454 ubi
520 1422 666 1457 Tertius
710 1428 746 1458 et
778 1424 994 1469 Pomponius
1025 1422 1181 1457 Diaconi
1209 1423 1254 1458 its

410 1491 633 1526 minist-rasse
665 1493 854 1528 dicuntur.

341 1559 377 1587 26
400 1559 549 1595 Auxilii
581 1561 822 1606 Martyribus
857 1574 880 1598 a
912 1562 1140 1598 Christianis
1181 1563 1252 1599 lati

410 1635 717 1666 momumentum
739 1636 841 1667 extat
865 1633 905 1668 in
926 1633 1054 1678 lapide
1074 1634 1251 1669 Gruter-i-

414 1711 485 1736 ano
516 1713 552 1746 p.
585 1713 690 1737 mnv:
739 1714 976 1739 MANnnosm
1022 1715 1252 1739 MARTYRVM

413 1782 618 1814 onsnovns
672 1784 829 1809 DEvo'rA
877 1785 1081 1808 TnAnsnm
1131 1786 1251 1810 rann

414 1853 552 1877 sscvm
579 1854 732 1887 vrrAM3
780 1844 913 1878 Romae
942 1845 990 1879 ad
1015 1844 1121 1879 viam
1148 1844 1252 1880 Osti-

414 1923 553 1947 ensem.
619 1914 764 1948 Eadem
795 1914 877 1948 haec
912 1914 1055 1948 auxilia
1095 1915 1252 1960 respicit

413 1994 544 2018 versus
570 1983 836 2018 Commodiani
857 1985 1111 2019 Instructione
1146 1985 1204 2020 58.

480 2054 523 2087 Si
552 2055 783 2100 refrigerare
814 2056 935 2099 cupis,
978 2056 1254 2100 admartyriza!

413 2122 563 2158 Adsiste
587 2123 766 2169 Mai-tyri,
793 2125 955 2169 procede
979 2125 1026 2158 ad
1046 2124 1252 2170 MartyreS,

414 2193 479 2237 qui
499 2193 538 2228 in
558 2205 732 2237 carcere3
760 2194 901 2228 horum
920 2194 1160 2228 necessitates
1183 2206 1253 2239 pro

412 2264 663 2299 facultatibus
695 2263 771 2298 tuis
800 2264 964 2307 adjuva,
1006 2265 1255 2300 constantiam

414 2335 592 2377 monitis,
646 2334 864 2368 hortatibus
911 2334 1000 2368 fove
1021 2360 1030 2376 ,
1080 2335 1253 2371 accende.

382 2427 384 2429 v
413 2404 708 2440 Schurzfleiseh.
758 2403 821 2438 Sic
842 2404 1137 2439 Commodianus
1161 2416 1253 2450 quo-

414 2487 487 2519 que
514 2474 768 2509 Instructione
793 2473 827 2508 6.

373 2544 489 2586 Certe,
513 2546 546 2579 si
556 2557 626 2578 non
637 2545 710 2590 ipse
717 2549 880 2590 pugnat,
904 2545 960 2579 vel
971 2550 1156 2590 suggerat
1169 2546 1252 2581 illis.

413 2615 585 2649 Verbum
637 2615 887 2660 admartyriza
908 2641 920 2657 ‚
966 2615 1120 2650 videtur
1173 2627 1252 2650 csse

413 2684 498 2723 ἅπαξ
517 2684 707 2731 λεγόμενον,
744 2683 851 2728 (vide
872 2685 1079 2731 Adelungii
1099 2685 1253 2720 Glossa-

413 2756 515 2790 rium
542 2756 717 2790 manuale
742 2755 790 2790 ad
820 2753 1023 2800 scriptores
1055 2755 1188 2791 media:
1214 2759 1254 2791 et

1395 1069 1466 1104 nis.
1526 1070 1706 1104 Ceterum
1735 1069 2029 1104 Commodianus
2059 1067 2125 1102 vix
2153 1065 2234 1112 pri-

1394 1149 1475 1173 mas
1489 1139 1796 1175 Christianorum
1814 1139 1997 1174 Afrorum
2014 1138 2237 1174 vexationes

1394 1210 1574 1254 respexit.

1326 1300 1363 1329 27
1387 1301 1506 1337 Liber
1533 1304 1579 1338 de
1603 1304 1752 1348 jejunio
1786 1303 1950 1349 scriptus
1981 1306 2038 1338 est
2066 1305 2151 1349 post
2185 1301 2234 1338 li-

1395 1372 1510 1407 brum
1533 1375 1579 1408 de
1603 1374 1869 1421 monogamia,
1908 1375 2016 1418 cujus
2042 1373 2151 1418 quasi
2178 1373 2235 1408 al·

1395 1446 1479 1478 tera
1498 1448 1555 1479 est
1575 1457 1678 1490 pars,
1708 1444 1834 1489 itaque
1857 1445 1968 1479 brevi
1991 1448 2077 1489 post
2096 1455 2237 1478 annum

1397 1513 1549 1548 circiter
1570 1515 1649 1549 204.
1675 1514 1866 1558 (Noesselt
1885 1514 1982 1549 Diss.
2003 1515 2073 1548 ΙΙΙ.
2099 1513 2234 1560 p.2(5.).

1395 1583 1522 1618 Verba
1538 1584 1771 1619 Tertulliani
1791 1588 1878 1620 sunt
1906 1585 2008 1618 haec:
2041 1585 2154 1629 plane
2175 1596 2236 1619 ve-

1396 1658 1509 1688 strum
1530 1659 1582 1688 est
1602 1655 1640 1688 in
1662 1656 1866 1689 carceribus
1890 1655 2045 1700 popinas
2073 1655 2237 1690 exhibere

1394 1725 1616 1769 martyribus
1650 1725 1798 1760 incertis
1817 1751 1829 1767 ‚
1864 1737 1910 1759 ne
1948 1724 2236 1759 consuetudinem

1395 1799 1572 1839 quaerant,
1607 1807 1653 1831 ne
1679 1797 1813 1830 taedeat
1844 1796 1938 1837 vitce,
1974 1807 2020 1829 ne
2051 1806 2144 1829 nova
2171 1794 2236 1829 ab·-

1393 1866 1573 1901 stinentiae
1585 1866 1777 1910 disciplina
1796 1866 2107 1907 scandalizentur,
2129 1876 2237 1909 quam

1394 1946 1460 1969 nec
1481 1935 1543 1969 ille
1567 1936 1752 1970 Pristinus
1773 1940 1890 1970 vester
1913 1947 1983 1969 non
2008 1934 2237 1968 Christianus

1396 2006 1544 2050 Martyr
1570 2006 1765 2051 attigerat,
1802 2017 1903 2050 quem
1929 2010 1964 2040 et
1989 2003 2056 2047 (al.
2079 2005 2144 2049 ex)
2167 2005 2235 2047 fa—

1396 2076 1534 2110 cultate
1559 2076 1727 2110 custodiae
1753 2075 1873 2109 liberae
1900 2074 2125 2119 aliquamdiu
2147 2075 2235 2117 far-

1395 2157 1473 2179 sum
1495 2145 1562 2189 (al.
1585 2146 1765 2190 fartum),
1790 2145 1950 2179 omnibus
1970 2143 2109 2178 balneis
2132 2144 2237 2188 quasi
2259 2128 2262 2130 .

1396 2214 1614 2261 baptismate
1633 2216 1847 2257 melioribus,
1863 2220 1898 2249 et
1916 2215 2076 2250 omnibus
2085 2213 2237 2248 luxuriae

1397 2287 1610 2328 secessibus,
1645 2286 1752 2330 quasi
1786 2285 1943 2320 ecelesiae
1977 2283 2235 2325 secretioribus,

1398 2361 1433 2390 et
1462 2357 1621 2390 omnibus
1648 2357 1732 2390 vilae
1764 2356 1869 2389 istius
1901 2355 2098 2395 illecebris,
2133 2353 2237 2398 quasi

1395 2431 1538 2461 aeternae
1564 2426 1802 2472 dignioribus,
1829 2426 1895 2459 Ῑιοο
1913 2430 2002 2470 puto
2020 2424 2234 2469 obligatum,

1394 2508 1441 2532 ne
1470 2498 1561 2531 mori
1577 2498 1698 2539 vellet,
1724 2500 1793 2531 etc.
1844 2497 1903 2531 Cf.
1931 2492 2090 2529 Luciani
2118 2492 2235 2526 Perc-

1394 2567 1564 2613 grinum,
1584 2568 1652 2602 ubi
1672 2567 1815 2602 similia
1833 2568 2037 2601 narrantur
2061 2563 2107 2597 de
2119 2561 2234 2597 Chri·

1393 2638 1525 2672 stianis
1548 2632 2057 2679 Orientalibus,-Peregrino
2083 2632 2119 2667 in
2148 2631 2233 2668 vin-

1394 2708 1480 2743 cula
1501 2708 1670 2752 conjecto
1693 2703 2017 2743 subvenientibus.
