2341 3340
1178 137 1279 185 214

269 287 438 329 d1sserit
466 284 518 325 de
547 296 593 325 re
623 282 873 331 Christiana,
909 280 1026 323 fonte
1057 279 1267 335 sapientiae
1297 281 1472 334 gentilis,
1508 278 1560 320 de
1589 281 1892 321 resurrectione
1919 284 2186 334 mortuorum,

270 367 406 419 deque
426 365 749 405 Christianorum
778 362 1002 402 constantia
1019 360 1063 400 in
1086 362 1218 400 morte
1247 359 1502 411 subeundass.
1551 360 1742 400 Eundem
1764 360 1873 400 hunc
1899 361 2060 409 librum,
2091 364 2137 400 ut
2164 373 2189 400 a

269 445 426 486 Graecis
454 443 538 496 legi
568 455 729 494 quoque
764 444 914 494 posset,
958 441 1001 479 in
1031 439 1222 479 Graecum
1253 450 1484 478 sermonem
1521 444 1589 478 aut
1627 440 1715 491 ipse
1750 440 1956 478 transtulit
1987 442 2055 479 aut
2082 439 2188 479 verti

269 525 437 564 curavit.
500 521 710 561 Laudatur
729 520 821 560 haec
837 519 968 559 versio
984 518 1033 557 ab
1049 518 1228 556 Eusebio
1246 517 1352 557 Hist.
1369 517 1527 556 Eccles.
1547 516 1598 556 11.
1627 530 1661 556 c.
1680 518 1720 557 2.
1778 517 1825 557 In
1840 518 1956 558 hisce
1971 518 2086 557 libris
2107 517 2188 558 duo

268 601 468 654 imprimis
486 601 669 640 invenies
690 602 926 652 argumenta
947 610 1020 650 pro
1043 597 1214 636 veritate
1237 595 1447 649 religionis
1464 595 1708 635 Christianae
1729 610 1752 635 a
1775 597 1924 636 ceteris
1952 596 2190 649 Apologetis

269 681 455 733 neglecta
464 680 493 719 ⁷.
551 679 733 719 Primum
754 680 796 718 in
811 679 916 718 libro
934 677 985 716 ad
1000 675 1194 715 Nationes
1215 674 1299 714 1-5.
1316 675 1356 714 9.
1381 674 1448 714 12.
1477 674 1670 714 adversus
1686 674 1910 715 Gentilium
1937 675 2190 728 theologiam

269 759 502 812 Physicam,
533 771 625 811 quae
650 758 760 797 Deos
791 758 993 797 elementa
1024 768 1114 794 esse
1142 755 1301 802 statuit,
1335 754 1516 805 aliosque
1547 766 1597 793 ex
1627 752 1744 792 hisce
1775 757 1892 793 natos
1919 753 2052 801 Deos,
2098 766 2191 806 quae

270 838 464 880 Varronis
492 837 573 876 fuit
605 837 788 875 doctrina
805 836 845 882 Β,
889 834 1077 893 Alterum
1110 831 1305 886 (Apolog.
1333 846 1368 872 c.
1394 832 1459 872 17.
1489 836 1532 872 et
1558 831 1627 871 23.
1668 836 1710 871 et
1738 820 1844 871 libro
1877 831 1929 871 de
1956 832 2191 872 testimonio

270 917 448 965 animae),
482 927 562 966 quo
581 925 631 952 ex
653 912 800 952 eodem
827 911 909 950 hoc
931 910 1166 948 testimonio
1190 912 1348 957 animae,
1373 912 1551 962 quamvis
1568 909 1684 949 rudis
1703 915 1745 949 et
1764 893 1973 962 impolitae,
2001 910 2080 949 Dei
2107 911 2193 950 veri

269 994 455 1034 notitiam
478 993 622 1033 animae
650 992 700 1031 ab
726 992 814 1043 ipsa
843 993 986 1029 natura
1017 988 1354 1039 insitamprobat
1371 999 1557 1036 essesex
1581 989 1787 1028 communi
1807 1001 1887 1040 quo
1902 989 1971 1029 illa
1989 1001 2034 1029 se
2047 989 2195 1041 prodat

268 1073 482 1112 hominum
511 1084 712 1119 sermone,
743 1070 985 1119 usitatisque
1016 1066 1212 1118 loquendi
1227 1065 1437 1105 formulis:
1466 1065 1577 1105 Deus
1598 1078 1778 1118 magnus,
1805 1066 1915 1108 Deus
1945 1067 2058 1108 videt
2089 1067 2195 1108 etc.⁹

271 1150 462 1191 Tertium
488 1151 637 1191 librum
667 1149 981 1202 Apologeticum
1007 1146 1170 1199 scripsit
1197 1144 1249 1185 ad
1278 1144 1493 1198 Scapulam
1521 1144 1675 1183 Africae
1710 1145 1955 1196 praesidem,
1992 1158 2114 1198 quem
2142 1147 2195 1187 ad

271 1230 479 1270 mitiorem
511 1229 564 1269 de
595 1229 837 1279 Christianis
867 1228 1016 1267 sanctis
1042 1229 1084 1265 et
1112 1224 1399 1265 innocentibus
1436 1223 1680 1263 sententiam
1711 1222 1928 1264 ferendam
1955 1237 2195 1276 permovere

271 1308 466 1349 studetlo.
529 1308 728 1348 Exaratus
756 1320 853 1347 vero
884 1310 947 1346 est
977 1306 1047 1346 hic
1077 1305 1182 1345 liber
1210 1307 1304 1356 post
1331 1305 1507 1342 mortem
1539 1289 1682 1341 Severi
1712 1301 1986 1354 Imperatoris,
2013 1303 2058 1343 id
2087 1305 2198 1357 quod

272 1387 390 1426 valde
417 1387 467 1427 fit
500 1387 712 1439 probabile
751 1399 802 1426 ex
829 1387 961 1438 capite
992 1384 1032 1423 4.
1083 1384 1154 1423 ubi
1183 1383 1236 1423 de
1261 1383 1444 1429 Severo,
1481 1384 1597 1433 patre
1628 1381 1837 1429 Antonini,
1873 1381 2196 1424 Christianorum

274 1467 427 1514 amico,
467 1467 535 1516 qui
569 1478 711 1504 eorum
749 1478 907 1503 memor
938 1464 1087 1510 fuerit,
1128 1462 1333 1510 loquitur3
1385 1464 1427 1499 et
1467 1462 1560 1511 post
1598 1459 1825 1509 deliquium
1855 1460 1952 1500 solis
1994 1475 2196 1515 magnum,

274 1543 407 1582 Uticae
438 1543 694 1582 observatum
725 1542 843 1593 (ibid.
868 1555 903 1580 c.
929 1537 1006 1592 3.)‚
1037 1539 1146 1590 quod
1170 1538 1318 1578 incidit
1348 1539 1391 1577 in
1422 1550 1485 1576 an.
1515 1536 1666 1575 210.1¹.
1723 1538 1778 1576 Et
1807 1549 1930 1588 quum
1956 1538 2130 1581 Severus
2154 1542 2198 1580 in

274 1623 484 1662 Britannia
525 1622 674 1662 obierit
702 1621 730 1659 4
758 1621 882 1661 Febr.
914 1633 949 1659 a.
973 1632 1011 1657 u.
1045 1631 1080 1657 c.
1107 1618 1202 1656 964.
1232 1630 1272 1669 p.
1296 1616 1342 1656 C.
1370 1629 1409 1656 n.
1438 1615 1543 1665 211,
1579 1615 1728 1655 eodem
1763 1617 1843 1655 hoc
1879 1629 1984 1656 anno
2025 1618 2198 1670 scriptus

275 1701 437 1742 videtur
464 1702 571 1741 liber
604 1701 656 1741 ad
688 1700 918 1753 Scapulam.
975 1698 1079 1738 Nam
1107 1696 1339 1749 persecutio
1373 1694 1533 1734 duravit
1574 1694 1866 1746 aliquantulum
1899 1699 1994 1749 post
2025 1701 2198 1738 mortem

276 1779 439 1831 Severi,
474 1781 604 1820 donec
635 1795 658 1820 a
691 1780 896 1820 Caracalla
925 1790 1112 1830 repressa
1139 1776 1280 1815 fuerit.

455 1860 495 1899 2.
553 1861 679 1899 Hisce
710 1860 825 1899 libris
861 1857 1128 1910 apologeticis
1168 1867 1217 1894 ex
1246 1853 1536 1894 nonnullorum
1565 1853 1767 1893 sententia
1798 1853 2069 1907 adjunguntur
2096 1856 2198 1896 Acta

278 1938 483 1979 Passionis
507 1938 547 1979 S.
569 1938 609 1977 S.
638 1938 856 1991 Perpetuae
886 1941 927 1976 et
943 1935 1183 1982 Felicitatis,
1214 1946 1304 1990 quae
1333 1946 1356 1972 a
1380 1933 1633 1972 Tertulliano
1666 1933 1838 1972 collecta
1867 1937 1909 1972 et
1938 1935 1982 1974 in
2014 1935 2197 1977 ordinem

326 2094 345 2121 6
381 2093 558 2128 Oelrichs
606 2095 651 2128 de
702 2094 848 2139 scriptt.
901 2093 1032 2127 eccles.
1075 2091 1219 2126 Latinae
1313 2089 1330 2117 9
1355 2090 1558 2123 Eisenlohr
1581 2089 1607 2123 1.
1627 2101 1657 2123 c.
1683 2101 1718 2132 p.
1738 2088 1795 2123 28.
1831 2089 1907 2123 Hic
1934 2101 2080 2135 quoquc
2099 2093 2200 2128 liber

377 2175 412 2208 p.
439 2163 496 2198 18.
522 2164 581 2198 19.
1360 2159 1638 2203 quodammodo
1674 2158 1774 2192 inter
1803 2159 2068 2204 Apologcticos
2103 2162 2198 2196 Ter-

325 2233 342 2258 7
378 2233 583 2268 Eisenlohr
631 2236 858 2278 argumenta
902 2232 948 2266 ab
999 2229 1220 2275 Apologetisx
1361 2228 1515 2262 tulliani
1557 2228 1677 2262 referi
1720 2232 1901 2262 meretur.
1949 2229 2044 2273 Ejus
2085 2241 2199 2277 argu-

376 2313 448 2338 sec.
469 2304 519 2338 II‘.
556 2304 601 2337 nd
634 2302 930 2337 confirmandam
962 2301 1048 2334 Rel.
1080 2299 1221 2334 Christ.
1360 2301 1533 2331 mentum
1548 2297 1734 2342 copiosius
1756 2298 1969 2342 expositum
1987 2299 2075 2334 vide
2097 2292 2200 2346 apud

376 2372 579 2407 veritatem
609 2383 651 2406 ac
676 2372 934 2416 praestantiam
965 2374 1095 2404 contra
1121 2370 1222 2403 Gen-
1364 2366 1584 2401 Neandrum
1626 2368 1670 2402 G.
1705 2368 1740 2402 d.
1773 2368 1818 2402 T.
1850 2380 1886 2413 p.
1921 2368 1976 2403 84.
2015 2380 2117 2415 sequ.
2163 2374 2200 2406 et

376 2442 462 2477 tiles
481 2445 674 2487 usurpata.
717 2441 886 2486 Tubing.
908 2441 1010 2475 1797.
1036 2452 1070 2484 p.
1091 2439 1147 2473 19.
1163 2438 1219 2472 20.
1361 2437 1487 2481 Episc.
1512 2436 1680 2471 Lincoln.
1715 2449 1751 2482 Ρ.
1773 2437 1852 2472 177.
1883 2449 1987 2483 sequ.

329 2528 348 2556 8
381 2527 566 2562 Villoison
605 2527 650 2560 de
697 2525 913 2571 Theologia
949 2524 1222 2570 Mysteriisque
1291 2506 1328 2535 ¹⁰
1351 2507 1478 2549 Hu-lus
1500 2506 1594 2539 libri
1614 2511 1886 2552 argumentum
1910 2508 1974 2542 dat
1993 2507 2202 2545 Tfllemont

377 2599 572 2638 Veterum,
611 2596 649 2630 in
681 2596 806 2629 Bam„
831 2596 876 2629 de
907 2595 971 2629 εἶθ
1002 2594 1115 2628 cmix
1147 2594 1224 2626 Re·
1363 2576 1537 2610 Histoire
1563 2576 1626 2610 des
1648 2577 1878 2622 Empereurs
1899 2577 1968 2611 ΙΙΙ.
1996 2589 2029 2621 p.
2050 2577 2131 2612 106.

377 2667 561 2701 cherches
577 2666 706 2699 surles
720 2663 1224 2710 MysteresduPaganisme‚
1295 2660 1328 2688 Π
1365 2661 1424 2695 Cf.
1467 2665 1597 2695 notam
1642 2661 1835 2696 Holstenii
1872 2661 1910 2695 in
1949 2660 2052 2697 Pass.
2096 2662 2134 2698 S.
2163 2662 2200 2698 S.

378 2737 436 2772 ed.
455 2736 540 2778 2da,
568 2736 677 2771 Tom.
701 2736 751 2771 ΙΙ.
777 2735 948 2780 Append.
1365 2731 1516 2775 Perpet.
1542 2735 1581 2766 et
1608 2731 1755 2766 Felicit.
1792 2743 1827 2776 p.
1854 2730 1934 2765 204.
