2341 3340
1070 110 1138 156 27

154 252 406 294 decessorv:
448 251 559 304 quod
594 249 757 304 quidem
799 247 909 289 haud
951 246 1233 288 animadvertit
1268 247 1400 288 Lucas
1435 248 1699 299 IIolstenius‚
1742 251 1810 302 qui
1841 251 2066 293 Fabianum

153 345 314 384 quoque
341 331 443 371 facit
459 328 832 380 Carthaginiensem
852 325 1120 379 Episcopum3
1153 325 1197 365 id
1219 325 1327 377 quod
1352 325 1515 364 uberius
1545 326 1721 365 ostendit
1743 328 1806 367 Jo.
1823 329 2065 371 Cestriensis

152 410 380 463 Episcopus
410 410 453 447 in
479 406 702 446 Annalibus
734 405 984 457 Cyprianicis
1014 418 1054 456 p.
1079 404 1119 442 9.
1176 403 1467 455 Episcopatum
1505 416 1601 442 vero
1642 403 1885 458 Carthagine
1919 409 2066 449 eodem

152 492 337 541 tempore
355 499 433 538 quo
446 485 648 524 Fabianus
663 484 808 523 Romae
835 483 979 536 gessit;
1013 484 1083 534 qui
1111 495 1204 522 cum
1226 482 1331 521 hanc
1352 482 1566 521 ecclesiam
1582 483 1735 522 rexerit
1747 484 2065 526 annis236-251.

152 571 195 606 et
210 566 392 605 Privatus
421 565 491 602 ille
514 562 837 611 Lambesitanus,
866 562 918 600 de
946 574 1026 613 quo
1055 574 1145 601 cAP.
1166 573 1284 601 xxiv.
1313 566 1469 614 agetur,
1500 560 1701 612 Cypriano
1733 574 1796 613 ep.
1811 562 1878 601 59.
1911 562 2067 603 dicatur

152 648 276 684 vetus
323 643 555 682 haereticus
575 672 587 690 ,
633 641 780 681 Donati
826 645 1009 693 tempora
1058 640 1243 679 incidere
1281 641 1492 692 probabile
1533 642 1595 678 est
1627 640 1668 679 in
1703 640 1861 691 priores
1897 641 2068 681 Fabiani

149 732 289 761 annos.
346 719 487 771 Itaque
521 733 612 759 eum
642 733 747 759 anno
784 719 880 759 240.
907 732 944 758 v.
970 719 1066 758 242.
1094 720 1138 758 in
1167 732 1337 771 quorum
1368 731 1449 758 uno
1484 718 1711 757 Concilium
1739 717 2066 760 Lambesitanum

148 799 331 838 habitum
362 810 453 837 esse
484 798 666 847 videtur,
712 799 974 850 superstitem
1001 798 1131 837 fuisse
1169 798 1396 837 statuimus.
1461 798 1552 848 Quo
1580 810 1677 836 vero
1706 809 1811 837 anno
1844 796 2068 838 decesserit

148 878 269 930 plane
298 889 372 915 nos
401 877 511 916 latet.
574 876 662 915 Nec
696 878 799 916 certi
828 877 926 928 quid
956 889 1006 917 ex
1037 877 1171 916 verbis
1218 876 1409 928 Cypriani
1444 876 1496 916 ad
1530 876 1765 916 Cornelium
1800 889 1864 928 ep.
1892 875 1962 916 59.
1996 876 2068 916 ubi

151 955 204 995 de
232 955 390 994 Donato
431 958 473 994 et
506 955 687 995 Fabiano
721 957 1062 997 antecessoribus
1096 958 1260 997 nostris
1295 956 1504 1007 loquitur,
1556 956 1695 1008 colligi
1722 944 1892 1008 potest,
1944 966 2068 1006 quum

149 1038 445 1075 antecessores
481 1046 621 1074 omnes
655 1035 725 1086 qui
753 1038 847 1074 ante
874 1047 919 1075 se
944 1035 1111 1075 fuerunt
1140 1035 1367 1087 Episcopos
1397 1034 1505 1074 dicat
1521 1048 1533 1083 ;
1570 1038 1746 1074 attamen
1773 1034 1985 1086 probabile
2020 1035 2069 1074 fit

149 1125 201 1153 ex
234 1113 406 1165 epistola
436 1112 535 1152 cleri
566 1113 739 1153 Romani
767 1113 818 1154 ad
850 1113 1252 1167 Carthaginiensem,
1292 1125 1384 1152 cum
1423 1113 1556 1151 verbis
1589 1112 1779 1164 Cypriani
1807 1125 1902 1152 mox
1929 1113 2067 1153 relatis

150 1195 392 1244 comparata.
463 1190 565 1231 Post
594 1192 839 1244 Cyprianum
869 1206 988 1241 vero,
1034 1193 1102 1243 qui
1137 1204 1219 1230 non
1247 1192 1326 1230 nisi
1355 1191 1503 1230 invitus
1535 1191 1790 1241 episcopatus
1820 1203 1921 1229 onus
1948 1192 1992 1230 in
2022 1202 2067 1230 se

149 1272 341 1322 suscepit,
371 1270 575 1313 successio
586 1270 880 1322 Episcoporum
889 1269 1282 1322 Carthaginiensium
1304 1269 1443 1321 paucis
1460 1267 1740 1307 tantummodo
1759 1268 2067 1308 difficultatibus

81 1344 84 1345 ⁷
148 1350 360 1402 premitur.
417 1348 565 1388 Donati
588 1348 729 1387 laudes
751 1349 868 1388 nobis
891 1348 1037 1388 invidit
1062 1351 1259 1396 vetustas3
1291 1347 1434 1399 paucis
1464 1359 1560 1386 vero
1584 1347 1719 1386 verbis
1743 1347 2003 1385 continentur
2023 1347 2067 1386 in

145 1427 331 1480 Epistola
367 1426 707 1479 Presbyterorum
745 1431 789 1467 et
828 1428 1102 1467 Diaconorum
1133 1426 1332 1465 Ecclesiae
1363 1424 1558 1465 Romanae
1586 1426 1636 1465 ad
1663 1425 1930 1477 Cyprianum,
1959 1425 2067 1465 inter

149 1505 408 1558 Cyprianicas
430 1505 498 1544 30.
537 1508 749 1548 Novimus
766 1507 1146 1560 Carthaginiensis
1168 1506 1381 1546 Ecclesiae
1411 1504 1480 1554 (ab
1510 1517 1560 1545 eo
1588 1517 1734 1545 recens
1752 1504 2063 1554 administratae)

137 1584 292 1639 fidem,
333 1586 534 1625 novimus
563 1586 900 1631 institutionem,
938 1586 1138 1624 novimus
1166 1583 1494 1625 humilitatemS.
1552 1583 1616 1624 Eo
1645 1586 1807 1623 mortuo
1836 1595 1941 1623 anno
1969 1582 2066 1623 248.

150 1660 379 1714 Episcopus
410 1662 756 1713 Carthaginiensis
781 1664 936 1701 electus
967 1666 1031 1701 est

326 1736 375 1790 5)
425 1741 699 1792 Cyprianus,
746 1752 866 1789 quem
907 1739 1071 1789 quidem
1105 1739 1382 1777 immediatum
1416 1738 1564 1778 Donati
1605 1751 1886 1779 successorum
1922 1739 2065 1789 fuisse,

151 1817 352 1870 expressis
383 1816 534 1855 verbis
551 1815 660 1855 haud
691 1817 906 1864 asseritur,
935 1828 988 1854 ne
1016 1828 1039 1854 a
1067 1814 1216 1854 Pontio
1247 1815 1438 1867 Cypriani
1466 1817 1644 1856 Diacono
1675 1817 1851 1866 quidem,
1881 1819 1950 1869 qui
1978 1819 2066 1870 ejus

149 1896 272 1935 vitam
301 1894 476 1947 scripsit.
549 1894 685 1945 Quum
734 1894 835 1934 vero
880 1893 1051 1933 Pontius
1089 1894 1132 1932 in
1163 1894 1233 1933 illa
1272 1894 1360 1946 ejus
1398 1894 1479 1934 vita
1526 1895 1705 1934 habeat:
1760 1898 1911 1950 plures
1962 1901 2066 1937 ante

152 1975 422 2029 cyprianum
450 1987 504 2013 ea·
534 1973 655 2013 bonis
688 1979 732 2013 et
761 1973 1056 2013 sacerdotibus
1087 1973 1260 2021 sedisse,
1293 1973 1503 2025 probabile
1535 1977 1598 2013 est
1629 1974 1745 2026 plura
1766 1974 2066 2026 Episcoporum

89 2033 97 2044 ⁸
120 2069 125 2078 ’-
147 2052 310 2091 nomina
341 2055 434 2091 ante
463 2055 506 2091 et
535 2055 628 2104 post
656 2051 926 2104 Agrippinum
956 2051 1236 2100 intercidisse,
1285 2052 1384 2090 licet
1422 2064 1492 2100 ea,
1537 2065 1627 2103 quae
1656 2053 1782 2092 habet
1816 2052 2065 2105 Augustinus

147 2130 253 2170 libro
283 2130 336 2169 de
364 2131 484 2169 unico
516 2130 716 2182 baptismo
755 2133 895 2169 contra
927 2129 1114 2168 Petilian.
1152 2142 1186 2168 c.
1212 2129 1276 2168 13.
1314 2130 1367 2170 de
1404 2133 1691 2184 septuaginta
1725 2131 2064 2185 praecessoribus

151 2209 377 2262 Cypriani,
405 2208 672 2262 intelligenda
703 2209 869 2248 minime
897 2209 977 2248 sint
1007 2208 1058 2247 de
1080 2208 1294 2261 Episcopis
1325 2208 1738 2261 Carthaginiensibus,
1775 2208 1847 2248 sed
1876 2209 2064 2247 universe
2132 2260 2135 2264 .

151 2285 203 2325 de
222 2285 425 2325 Africanis
447 2288 543 2336 illis,
576 2288 645 2339 qui
676 2288 849 2327 concilio
870 2287 919 2327 ab
934 2287 1158 2340 Agrippino
1189 2292 1329 2327 coacto
1349 2288 1635 2327 interfuerunt.
1690 2287 1796 2327 Nam
1822 2286 2062 2326 incredibile

148 2376 314 2416 prorsus
347 2368 473 2414 esset,
514 2365 571 2404 ’70
599 2367 793 2418 praesules
824 2365 981 2405 duobus
1009 2367 1157 2405 seculis
1186 2367 1229 2406 in
1258 2380 1337 2406 una
1363 2366 1462 2407 sede
1489 2368 1567 2408 sibi
1595 2367 1839 2407 successisse
1855 2363 1886 2404 ⁹.

197 2486 215 2533 7
238 2486 373 2530 Itaque
398 2487 497 2520 rexit
519 2488 716 2522 ecclesiam
730 2487 1085 2533 Carthaginiensem
1179 2491 1197 2518 8
1221 2490 1397 2524 Morcelli
1426 2490 1558 2525 Africa
1589 2490 1728 2525 Christ.
1747 2490 1797 2524 II.
1817 2502 1853 2534 p.
1874 2489 1931 2525 97.

245 2565 267 2589 a
286 2555 412 2590 Morte
434 2555 526 2600 Cyri
546 2567 662 2600 usque
684 2558 730 2590 ad
752 2556 845 2591 Ann.
870 2558 950 2592 248.
970 2570 1083 2602 quem

246 2635 394 2668 quoque
425 2624 592 2668 primum
625 2625 870 2670 Episcopatus
902 2621 1084 2672 'Cypriani
1179 2629 1196 2655 9
1227 2629 1460 2665 Schelstratc
1490 2628 1633 2663 Eccles.
1656 2628 1773 2663 Afric.
1803 2638 1838 2671 p.
1858 2626 1937 2661 271.

244 2704 386 2729 annum
407 2693 512 2738 ponit
541 2693 758 2729 Morcellus.
