2341 3340
1022 168 1088 212 67

96 310 232 350 Locus
261 321 358 349 vero
387 309 438 349 ad
461 320 628 348 uxorem
661 304 782 345 L.11.
812 316 846 343 c.
864 304 904 342 9.
934 303 987 343 de
1023 304 1312 343 benedictione
1349 307 1587 348 sacerdotali
1635 311 2001 351 matrimoniorum:

103 388 225 429 Unde
252 391 465 443 sufficiam
494 387 553 427 ad
580 383 921 425 enumerandum
936 383 1206 435 felicitatem
1235 384 1328 436 ejus
1359 388 1650 434 matrimonii,
1684 390 1797 441 quod
1824 392 2001 431 ecclesia

99 462 303 507 conciliat
329 472 373 506 et
402 466 628 517 confirmat
669 462 850 508 oblatio,
890 466 934 500 et
964 461 1236 514 obsignatum
1266 464 1418 515 angeli
1444 467 1729 513 renunciant,
1760 473 1892 519 pater
1921 482 2002 521 pro

98 551 197 585 rato
228 545 375 584 hahet.-
412 543 493 580 huc
522 553 603 579 non
631 540 831 591 pertinet,
869 550 990 589 quum
1028 538 1081 577 de
1117 539 1321 578 oblatione
1349 541 1415 579 vel
1444 541 1712 582 eucharistica
1745 544 1809 583 vel
1838 558 2004 595 precum

98 622 219 660 unice
249 632 383 659 sermo
415 617 508 677 sit5.

271 695 311 735 5.
377 698 528 738 Omnes
565 698 611 737 hi
645 698 828 747 reditus,
870 700 917 737 ut
960 699 1003 736 et
1037 697 1393 737 omnia-ecclesiae
1438 698 1572 746 bona,
1615 698 1815 750 episcopis
1853 700 2004 752 ubique

97 774 299 815 commissi
343 781 457 817 erant
477 807 489 827 ‚
538 778 612 818 sub
659 790 828 828 quorum
871 776 1060 828 auspiciis
1105 776 1267 816 diaconi
1317 777 1473 828 singula
1521 777 1864 817 administrabant.
1935 777 2005 818 Sic

93 847 259 906 'quoque
288 856 395 908 apud
427 856 562 896 Afros.
626 856 780 907 Aperte
809 855 889 894 hoc
920 858 1093 895 testatur
1109 855 1384 894 Tertullianus
1414 856 1465 894 de
1491 857 1634 908 virgin.
1664 855 1844 895 velandis
1873 868 1909 894 c.
1938 855 2004 895 19.

96 931 196 981 Cui,
228 935 374 986 virgini
409 936 489 983 illi,
526 948 644 986 quam
673 934 899 987 Episcopus
929 933 1277 985 Carthaginiensis
1313 933 1579 974 diaconissam
1608 934 1784 983 fecerat,
1827 936 1869 974 si
1893 934 2007 988 quod

98 1013 330 1065 refrigerii
373 1014 580 1054 debuerat
623 1016 860 1068 episcopus.
947 1011 1060 1051 Idem
1106 1012 1188 1051 hoc
1234 1025 1284 1051 ex
1330 1013 1450 1052 variis
1499 1013 1690 1065 Cypriani
1733 1013 1835 1052 locis
1879 1016 2004 1065 patet.

97 1088 286 1128 Celerino
332 1095 373 1130 et
411 1092 604 1139 Aurelio,
652 1105 751 1142 quos
800 1091 1060 1143 presbyteros
1101 1095 1334 1139 creaverat,
1387 1104 1432 1129 se
1475 1092 1631 1130 reditus
1673 1093 2004 1144 presbyterorum

95 1165 325 1220 adsignasse
355 1170 497 1209 scribit
532 1183 596 1222 ep.
626 1170 693 1208 39.
760 1170 805 1209 In
841 1170 962 1209 exilio
995 1169 1255 1221 presbyteros
1291 1172 1333 1207 et
1369 1169 1561 1208 diaconos
1583 1170 1704 1221 jubet
1741 1183 1833 1209 suas
1867 1173 2003 1222 partes

95 1246 231 1295 tueri,
277 1249 322 1288 in
365 1250 604 1302 largitione
637 1263 797 1303 quoque
832 1250 1203 1301 eleemosynarum
1239 1253 1283 1286 et
1321 1249 1602 1300 suggestione
1638 1254 1875 1296 sumtuum,
1915 1250 2004 1288 illis

95 1326 168 1377 qui
203 1327 248 1365 in
282 1340 458 1367 carcere
493 1334 623 1374 sunt,
673 1329 807 1380 iisque
842 1327 915 1380 qui
942 1338 1162 1380 pauperes
1202 1331 1247 1365 et
1283 1325 1531 1377 indigentes
1569 1326 1772 1366 laborant
1813 1323 1899 1380 (ep.
1927 1322 2003 1377 4.).

94 1401 166 1445 Jus
193 1416 355 1455 quoque
382 1405 573 1456 episcopo
604 1404 702 1452 fuit,
744 1404 916 1443 clericos
945 1403 1266 1455 sequestratione
1297 1403 1505 1443 divisionis
1534 1416 1763 1443 mensurnae
1794 1403 2003 1456 puniendi,

94 1483 141 1520 ut
167 1485 276 1533 patet
310 1496 359 1521 ex
389 1483 572 1535 ejusdem
603 1482 793 1535 Cypriani
821 1495 884 1535 ep.
913 1481 980 1521 34.

144 1666 162 1694 5
186 1666 337 1711 Ziegler
360 1669 455 1701 fiber
476 1669 536 1702 (lie
556 1668 765 1702 Einln'infte
799 1667 860 1701 des
890 1669 1027 1702 Klerus
1168 1669 1277 1713 gazin
1312 1669 1376 1701 ffu-
1410 1666 1876 1712 Rcligionsphilosophic‚
1901 1666 2000 1699 Exe-

191 1736 268 1769 und
306 1737 373 1769 der
407 1738 548 1771 Kirche
593 1737 631 1771 in
674 1738 743 1770 den
783 1737 865 1769 drei
901 1741 1028 1770 ersten
1169 1749 1258 1783 gese
1284 1737 1361 1771 und
1387 1736 1775 1782 Kirchengeschichte
1799 1736 1861 1770 IV.
1888 1747 1922 1779 p.
1942 1734 1995 1769 42.

189 1805 512 1841 Jahrhunderten.
559 1807 604 1840 In
626 1805 771 1840 Henkii
787 1806 930 1839 Neuem
943 1805 1026 1838 Ma-
