2341 3340
1078 147 1175 193 193

179 308 328 336 annum
363 295 458 335 2⁰1.
498 295 566 332 aut
598 291 693 331 202.
727 292 836 330 mota
872 286 1011 326 fuerit.
1085 284 1299 332 Priorem,
1346 285 1414 335 qui
1453 287 1540 325 erat
1577 282 1718 324 Severi
1754 294 1910 331 nonus,
1955 280 2081 320 habet

181 373 416 414 chronicon
425 371 763 416 Alexandrinum3
788 367 1056 420 posteriorem
1075 368 1223 412 autem,
1241 362 1381 401 Severi
1395 365 1625 415 septimum,
1654 362 1887 402 Chronicon
1899 359 2082 400 Eusebii.

181 451 333 492 Invitus
355 452 561 498 fortassis,
597 453 639 488 et
670 447 783 497 quasi
810 448 987 493 coactus,
1017 442 1217 483 Plautiani
1244 441 1496 493 potissimum
1519 442 1714 494 impulsu,
1746 442 1816 492 qui
1842 439 2081 480 auctoritate

181 533 225 570 et
249 531 375 583 gratia
401 530 573 569 maxima
601 526 708 579 apud
737 538 830 565 eum
858 525 1028 571 valebat,
1073 518 1116 562 et
1142 532 1247 560 anno
1277 518 1441 557 demum
1472 519 1567 568 203,
1607 533 1730 571 quum
1762 518 1921 559 insidiae
1951 517 1998 555 ab
2032 526 2083 554 eo

181 608 321 648 domui
347 608 543 660 Augustae
567 608 731 644 structae
760 605 936 644 detectae
969 604 1116 649 essent,
1147 599 1307 639 deletus
1337 600 1412 646 est,
1451 596 1505 636 ad
1535 597 1688 636 bellum
1716 598 1879 637 Christo
1913 596 2083 648 ejusque

152 664 402 725 *cultoribus
428 684 690 724 indicendum
718 683 966 722 movebatur.
1021 681 1122 730 Quae
1149 677 1314 728 quidem
1342 675 1572 728 persecutio
1600 675 1784 727 inprimis
1815 674 2084 720 Alexandriae,

180 763 251 803 ubi
279 763 507 812 Leonidas,
553 762 744 814 Origenis
778 764 919 814 pater,
956 758 1166 805 occubuit,
1202 758 1378 808 grassata
1416 758 1490 793 est.
1556 753 1700 804 Neque
1735 766 1831 791 vero
1860 752 2000 791 Africa
2035 751 2082 789 ab

180 841 258 881 hac
287 842 511 881 calamitate
538 841 730 880 immunis
760 838 905 884 evasit;
953 835 1232 886 inquirebatur
1265 835 1374 874 enim
1404 834 1448 874 in
1483 833 1756 880 Christianos,
1799 829 2087 870 deferebantur

182 933 206 960 a
232 920 387 968 servis,
433 933 457 959 a
492 918 686 958 militibus
721 915 1011 966 extorquendae
1052 914 1237 968 pecuniae
1274 926 1393 953 causa
1437 912 1705 959 vexabantur,
1745 924 1767 950 a
1800 909 1922 962 plebe
1952 908 1994 946 in
2018 907 2086 959 jus

181 998 460 1050 rapiebantur,
493 1000 535 1036 et
562 997 640 1048 ipsi
670 1009 809 1035 eorum
836 996 942 1034 sacri
973 998 1194 1034 conventus
1223 992 1489 1032 turbabantur
1507 990 1537 1030 4.
1595 991 1650 1029 Et
1676 990 1719 1029 in
1750 988 1891 1028 Africa
1928 998 2088 1038 quoque

181 1075 341 1127 sanguis
372 1073 694 1115 Christianorum
730 1073 860 1113 fluxit.
923 1073 1115 1125 Legimus
1148 1071 1254 1110 enim
1291 1069 1399 1122 apud
1428 1069 1726 1109 Tertullianum
1757 1068 1808 1107 ad
1835 1066 1952 1119 Scap.
1982 1079 2016 1104 c.
2048 1064 2087 1102 4.

181 1153 418 1194 Proesz'dem
445 1151 683 1207 Legionis5
725 1159 769 1193 et
802 1153 1039 1193 Praesidem
1078 1148 1410 1192 Mauretanioess
1450 1162 1628 1189 vexasse
1670 1148 1965 1192 Christianos,
2012 1143 2089 1183 sed

183 1232 330 1284 gladio
352 1237 493 1272 tenus.
552 1231 700 1270 Addit:
732 1238 780 1272 at
796 1246 821 1272 a
840 1230 1080 1286 primordio
1097 1229 1350 1268 mandalum
1370 1234 1448 1275 est,
1464 1227 1759 1267 animadverti
1775 1226 1819 1263 in
1835 1222 2089 1276 hujusmodi.

183 1310 238 1349 Et
272 1310 352 1350 hoc
380 1311 545 1362 quidem
577 1310 799 1350 secundum
829 1310 940 1360 leges
973 1306 1151 1359 Trajani.
1209 1304 1348 1356 Itaque
1384 1305 1502 1344 initio
1537 1303 1674 1342 mitior
1705 1302 1786 1341 fuit
1820 1298 2089 1353 persecuti07,

229 1463 248 1491 ⁴¹
272 1463 436 1499 Tertull.
463 1464 622 1510 Apolog.
648 1475 678 1498 c.
699 1462 733 1498 8.
1253 1460 1397 1495 siarum
1415 1459 1655 1505 pertinuisse,
1683 1457 1769 1493 veri
1787 1457 1955 1502 aliquam
1973 1455 2090 1489 habet

229 1553 248 1581 ⁵
271 1555 316 1590 In
337 1556 534 1601 Hispania.
580 1555 721 1590 Neand.
742 1566 777 1598 p.
794 1554 875 1588 247.
907 1553 1114 1588 Morcellus
1254 1529 1429 1574 speeiem·

277 1636 314 1668 Ρ·
333 1623 390 1659 67·
427 1625 616 1671 Legatum
643 1623 822 1669 Legi⁰¹¹is
845 1622 1114 1657 Mauretanicae
1206 1642 1225 1671 7
1248 1643 1382 1679 Nescio
1406 1655 1452 1679 an
1477 1644 1525 1679 ad
1554 1642 1856 1689 persecutionem
1887 1639 2019 1675 Severi
2054 1642 2092 1674 et

277 1692 475 1738 intelligit·
1252 1712 1431 1747 universe
1473 1715 1521 1748 ad
1559 1712 1795 1747 Christianos
1842 1711 2090 1745 referendum

234 1784 252 1812 Β
288 1785 378 1820 Huc
423 1786 523 1819 forte
558 1785 759 1820 referenda
787 1787 895 1826 sunt,
930 1795 1010 1828 quae
1031 1782 1112 1817 Ado
1255 1782 1560 1828 sitRescriptum
1573 1782 1706 1816 Severi
1724 1780 1952 1816 etAntonini
1964 1780 2095 1831 Augg.

279 1854 501 1890 Viennensis
517 1854 633 1889 habet
659 1854 705 1888 ad
727 1854 812 1888 XII.
836 1853 919 1888 Kal.
940 1854 1023 1887 Jan.
1070 1853 1114 1887 In

279 1924 518 1959 Mauretania
534 1923 753 1958 Caesareensi
769 1923 908 1957 natalis
929 1923 963 1957 S.
986 1923 1021 1956 S.
1049 1922 1113 1957 Ti-

279 1993 430 2034 mothei,
473 1993 572 2028 Polie·
603 1997 638 2027 et
669 1993 837 2037 Eutychii
865 1992 1115 2033 diaconorum,

282 2063 346 2107 qui
383 2062 481 2105 apud
518 2064 717 2106 praefatam
756 2061 940 2106 regionem
972 2062 1116 2094 verbum

283 2130 426 2165 Domini
451 2130 742 2170 disseminantes,
781 2132 924 2173 pariter
954 2131 1119 2164 coronari

285 2203 501 2234 meruerunt.
558 2200 683 2233 Hosce
703 2198 893 2244 Martyres
912 2198 1116 2233 Marcellus

284 2280 321 2313 p.
345 2267 400 2303 67.
427 2268 473 2302 ad
502 2278 560 2302 an.
582 2267 662 2302 205.
684 2271 877 2310 recenset,
911 2268 1002 2302 licet
1029 2272 1117 2302 aeta-

284 2342 364 2373 tem
385 2335 554 2383 ignotam
575 2348 654 2371 esse
681 2337 859 2371 fateatur.
907 2337 952 2371 In
965 2336 1118 2371 Maure-

286 2406 390 2441 tania
422 2406 647 2440 Caesareensi
684 2406 792 2440 Idam
820 2417 856 2440 v.
880 2405 1045 2440 Diddam
1080 2409 1118 2441 et

286 2477 434 2512 Novam
466 2487 494 2509 s.
518 2475 665 2509 Noham
697 2474 880 2520 Cypriani
903 2457 984 2518 jam
1013 2479 1121 2510 aetate

289 2547 480 2592 episcopos
504 2544 694 2587 habuisse,
720 2555 765 2578 ex
786 2545 958 2590 catalogo
987 2556 1121 2578 eorum

289 2628 318 2650 c.
341 2616 404 2649 VI.
442 2614 560 2648 relato
595 2613 725 2647 videre
754 2617 822 2648 est.
875 2614 1009 2658 Itaque
1049 2614 1120 2647 hos

290 2685 464 2719 diaconos
497 2683 543 2716 ad
572 2682 795 2716 alterutram
826 2683 965 2717 harum
1000 2683 1121 2716 ecclc-

355 2799 518 2833 Μῆηΐενί
542 2797 745 2832 Primordia
774 2798 937 2833 Ecclesiae
962 2798 1156 2840 Afrz'canoe.

1255 1852 1300 1886 de
1338 1852 1511 1896 suspectis
1553 1851 1730 1885 tutoribus
1769 1855 1806 1885 et
1844 1848 2089 1889 curatoribus,

1255 1921 1356 1965 quod
1389 1920 1593 1955 Morcellus
1624 1933 1658 1965 p.
1686 1918 1744 1955 65.
1785 1918 1998 1963 suspicatur
2047 1928 2091 1952 eo

1256 1990 1412 2024 consilio
1425 1990 1571 2024 editum
1586 2001 1679 2031 esse,
1699 1993 1741 2023 ut
1753 2000 1842 2033 quos
1857 1986 2092 2022 Christianos

1256 2071 1335 2094 esse
1367 2063 1580 2102 constaret,
1614 2070 1636 2094 a
1667 2059 1786 2093 tutela
1816 2069 1955 2093 curave
1988 2060 2091 2091 tanto

1258 2129 1410 2163 facilius
1435 2128 1626 2163 removeri
1659 2132 1818 2172 possent.
1865 2126 2091 2160 Dubitatum

1257 2197 1296 2232 in
1341 2198 1473 2232 Africa
1520 2198 1629 2239 suit,
1682 2208 1728 2231 an
1770 2200 1954 2241 suspectus
1991 2195 2092 2239 apud

1260 2266 1446 2312 Legatum
1469 2265 1710 2300 Proconsulis
1740 2264 1923 2310 postulari
1956 2267 2090 2309 posset.

1257 2336 1549 2380 Rescripserunt
1578 2335 1742 2381 Augusti
1767 2334 1931 2379 (Digest.
1954 2333 2090 2368 XXVI.

1258 2405 1338 2440 Tit.
1361 2406 1407 2440 X.
1437 2406 1462 2439 1.
1484 2405 1537 2450 4.)
1567 2405 1726 2438 Braduae
1751 2403 1922 2438 Maurico
1940 2403 2090 2438 Procos.

1260 2474 1428 2509 Africae:
1479 2475 1612 2515 Posse,
1646 2475 1731 2518 quia
1764 2474 1942 2507 mandata
1973 2473 2091 2516 juris-

1260 2544 1435 2585 dictione,
1472 2545 1634 2587 officium
1664 2544 1714 2577 ad
1747 2554 1825 2577 eum
1861 2547 1972 2577 totum
1993 2542 2091 2585 juris

1261 2613 1405 2647 dicendi
1421 2613 1565 2647 transit.
1614 2613 1727 2645 Hunc
1745 2612 1936 2645 Braduam
1946 2611 2093 2647 Mauri-

1261 2694 1347 2717 cum
1370 2693 1448 2717 esse
1472 2682 1523 2717 M.
1537 2681 1752 2717 Mauricum
1774 2681 1969 2724 Rufinum,
1988 2680 2092 2716 Mor-

1786 2795 1833 2830 25
