2341 3340
1046 151 1145 198 109

138 290 320 345 virgines
349 304 468 343 quam
504 294 706 331 matronas
738 288 865 329 cultui
898 289 1062 342 publico
1103 290 1236 331 velato
1271 292 1405 343 capite
1445 294 1644 337 interesse
1682 299 1858 349 debere,
1906 313 2055 354 easque

137 371 281 411 severe
324 372 519 424 castigat,
569 382 659 421 quae
694 369 738 408 in
773 368 957 410 oratione
991 369 1218 418 fimbriam,
1264 374 1335 410 aut
1375 372 1541 423 vittam,
1592 379 1662 415 aut
1699 365 1908 427 quodlibet
1940 380 2053 420 filum

138 450 311 490 cerebro
344 448 687 502 superponebant,
737 450 778 485 et
810 450 938 487 tectas
975 460 1020 487 se
1050 449 1334 500 opinabantur:
1392 463 1514 500 quum
1546 456 1682 494 tamen
1714 460 1831 495 antea
1866 458 1910 496 in
1948 459 2052 499 libro

138 527 192 567 de
230 529 412 569 oratione
451 539 485 564 c.
511 525 592 573 22„
633 525 885 565 Montanista
916 526 1097 566 nondum
1136 527 1292 576 factus,
1335 529 1472 580 legem
1510 533 1753 584 virginibus
1789 535 2055 587 injicientem

139 609 386 647 velamenta
406 605 608 645 excusari
618 617 747 658 posse
763 603 944 653 dlxisset,
972 606 1049 645 uec
1079 607 1312 646 tenendam
1329 608 1441 647 hanc
1468 612 1825 652 consuetudinem
1841 613 2053 664 jussisset;

138 689 182 725 et
203 683 329 723 c.21:
372 686 499 737 quasi
523 686 737 725 incertum
766 685 1100 725 retractandum
1122 699 1214 725 esse
1240 686 1364 733 illud,
1403 687 1516 740 quod
1531 689 1777 741 promiscue
1804 691 2054 734 observetur

133 775 216 817 per
250 763 465 811 ecclesias,
506 765 702 804 velarine
733 763 918 803 debeant
947 764 1164 815 virgines,
1202 777 1261 804 au
1292 762 1453 805 uou53?

319 841 384 880 14.
444 843 678 882 Orationes
712 855 796 896 pro
833 855 957 882 mora
976 844 1112 896 finis,
1162 855 1215 881 ne
1243 842 1354 882 Deus
1390 846 1472 882 tam
1504 845 1638 884 subito
1678 846 1819 887 mundi
1847 846 2055 889 interitum

129 920 295 973 jubeat,
332 920 428 959 licet
460 920 548 957 aliis
583 919 627 958 in
666 920 849 959 ecclesiis
880 920 990 959 haud
1029 921 1184 961 fuerint
1215 922 1335 972 plane
1374 922 1575 972 insolitae,
1620 925 1662 963 in
1692 924 1884 966 Africana
1920 931 2054 968 tamen

136 999 320 1052 inprimis
349 996 663 1058 habebantur‘fl.
721 999 954 1039 Orationes
970 1014 1054 1054 pro
1081 1001 1435 1054 Imperatorum,
1461 1015 1547 1056 pro
1576 1005 1695 1043 omni
1714 1010 1835 1045 statu
1859 1007 2053 1061 Imperii,

137 1078 340 1131 rebusque
380 1060 592 1117 Romanis
635 1081 927 1117 commemorat
968 1076 1244 1118 Tertullianus
1280 1078 1453 1132 Apolog.
1493 1093 1528 1119 c.
1556 1081 1625 1119 32.
1691 1081 1755 1120 Ex
1794 1083 1908 1123 hisce
1956 1098 2054 1125 vero

138 1155 324 1195 omnibus
343 1159 476 1207 patet:
505 1156 656 1194 cultum
681 1156 887 1208 publicum
904 1169 978 1208 pro
996 1169 1111 1196 more
1124 1157 1271 1208 priscae
1285 1156 1484 1197 Ecclesiae
1500 1160 1650 1210 ubique
1668 1160 1797 1199 fuisse
1816 1162 2054 1215 simplicem.

134 1233 260 1274 Festa
287 1235 397 1273 nulla
427 1237 568 1283 erant,
615 1239 768 1286 praeter
796 1235 906 1274 diem
939 1234 1190 1274 Dominicum
1209 1264 1221 1282 ,
1263 1233 1440 1283 Pascha,
1484 1247 1565 1286 quo
1597 1249 1706 1277 mors
1737 1242 1780 1277 et
1809 1243 2056 1282 resurrectio

135 1311 301 1353 Domini
332 1313 744 1361 commemorabatur,
778 1317 821 1352 et
849 1324 928 1362 quo
957 1312 1244 1351 liberalitatem
1273 1312 1315 1352 in
1348 1327 1548 1366 pauperes
1573 1328 1791 1355 excercere
1816 1319 2053 1368 solebant55,

136 1394 179 1430 et
207 1390 508 1440 Pentecosten,
553 1391 609 1430 50
643 1392 736 1431 flios
776 1391 864 1430 dies
900 1405 923 1431 a
961 1392 1285 1431 resurrectiones
1327 1391 1395 1431 die
1432 1378 1697 1445 complexam.
1756 1395 2055 1439 Controversiae

135 1481 232 1510 vero
274 1471 413 1510 seculo
445 1470 626 1510 secundo
662 1471 770 1510 inter
799 1469 1006 1511 Romanos
1034 1475 1078 1511 et
1108 1471 1309 1511 Asiaticos
1342 1475 1424 1511 tam
1451 1472 1718 1513 vehementer
1745 1475 1933 1527 agitatae,
1973 1490 2055 1529 quo

136 1551 323 1601 tempore
351 1549 640 1589 celebrandum
678 1550 731 1589 sit
753 1550 940 1590 Pascha?
985 1551 1141 1591 nullum
1172 1550 1278 1603 apud
1301 1550 1595 1591 Tertullianum
1626 1553 1800 1592 habetur
1827 1555 2052 1607 vestigium.

136 1629 298 1669 Aimuo
326 1630 606 1670 tantummodo
646 1629 747 1669 dicit
777 1632 940 1671 circulo
970 1632 1134 1684 pascha
1168 1630 1382 1670 celebrari
1413 1632 1459 1670 in
1486 1644 1632 1671 mense
1662 1631 1873 1686 pr2·mo⁵⁶‚
1915 1634 1983 1684 qui
2013 1635 2053 1673 ei

137 1705 247 1746 haud
275 1706 397 1745 dubie
421 1711 482 1746 est
506 1707 694 1747 Martius.
751 1706 816 1746 Ne
842 1707 1008 1761 probari
1035 1707 1199 1758 quidem
1225 1710 1374 1759 potest,
1407 1707 1591 1748 Natalem
1605 1708 1759 1749 Christi
1785 1710 1830 1750 in
1859 1710 2054 1753 Africana

137 1784 311 1825 ecclesia
342 1786 592 1824 celebratum
626 1785 754 1823 fuisse
785 1789 881 1824 ante
909 1786 1090 1824 seculum
1122 1783 1366 1835 quartumffl.

314 1861 381 1902 15.
441 1861 632 1901 Osculum
652 1862 764 1914 pacis
787 1861 993 1902 Christani
1012 1862 1117 1911 Afri,
1147 1866 1194 1902 ut
1219 1863 1368 1916 reliqui
1397 1875 1551 1913 omnes,
1583 1864 1661 1904 sibi
1685 1865 1860 1906 invicem
1891 1865 2050 1909 dabant.

138 1940 276 1983 Testis
305 1945 369 1982 est
391 1941 684 1991 Tertullianus,
712 1942 781 1993 qui
809 1943 1085 1995 signaculum
1116 1943 1330 1982 orationis
1361 1943 1549 1995 appellat,
1583 1941 1658 1999 (de
1689 1945 1872 1986 oratione
1901 1959 1936 1987 c.
1965 1948 2050 1997 14.)

136 2020 319 2073 illudque
345 2021 390 2061 in
423 2022 560 2071 quavis
582 2021 743 2073 publica
777 2021 961 2060 oratione
994 2020 1197 2070 dandum,
1237 2034 1314 2061 nec
1336 2022 1589 2075 jejuniorum
1619 2026 1830 2076 tempore,
1871 2038 1953 2066 uno
1982 2025 2049 2065 die

161 2174 198 2205 53
217 2153 394 2212 -Neander
417 2177 461 2211 G.
482 2177 516 2210 d.
539 2176 584 2211 Τ.
607 2189 642 2222 p.
654 2177 733 2212 118.
748 2177 829 2213 299.
877 2177 1072 2223 Bingham
1210 2177 1409 2212 interitum
1434 2179 1605 2223 proxime
1635 2179 1838 2214 instantem
1866 2180 2047 2224 praedice-

218 2237 342 2291 *Origa
360 2246 501 2280 Ecelcs.
525 2247 567 2280 V.
581 2245 662 2280 266.
698 2247 932 2292 Katerkamp
954 2251 1071 2281 erstes
1129 2274 1135 2276 -
1210 2252 1320 2289 rent3
1344 2248 1443 2282 unde
1464 2260 1613 2293 quoque
1651 2248 1690 2283 in
1714 2248 1956 2284 Carminibus
1986 2250 2045 2286 Si-

233 2314 415 2350 Zeitalter
451 2316 519 2349 der
544 2315 845 2362 Kirchengesch.
875 2317 904 2352 Ι.
932 2329 968 2362 p.
988 2316 1070 2352 265.
1210 2317 1369 2362 byllinis
1398 2321 1453 2352 tot
1478 2319 1524 2352 de
1553 2329 1597 2352 eo
1624 2318 1778 2353 oracula
1805 2319 1999 2364 leguntur.

1139 2408 1176 2438 55
1201 2409 1465 2446 Commodiani
1488 2411 1600 2446 Instr.
1632 2410 1779 2446 LXXV.

162 2444 198 2475 54
223 2445 454 2481 Tertulliani
478 2446 635 2494 Apolog.
668 2460 699 2484 c.
722 2448 780 2484 32.
798 2448 856 2484 39.
907 2447 1070 2484 Semleri

236 2516 377 2551 selecta
421 2517 545 2561 capita
580 2518 629 2552 R.
654 2519 697 2552 E.
716 2519 748 2553 I.
781 2519 840 2553 48.
895 2519 1068 2553 Hoeckel
1139 2502 1176 2531 56
1197 2503 1255 2537 De
1270 2503 1390 2546 jejun'
1415 2515 1445 2537 ⁰·
1469 2503 1525 2537 Μ’

234 2586 280 2620 (le
309 2585 487 2631 precibus
519 2586 730 2630 primorum
762 2588 1069 2623 Christianorum
1138 2586 1174 2615 57
1196 2586 1403 2621 Me'moires
1425 2588 1470 2621 (le
1493 2587 1702 2623 Tillemont
1731 2589 1760 2624 Ι.
1790 2600 1824 2634 p.
1854 2588 1933 2624 400.
1964 2586 2043 2623 430.

233 2666 304 2701 pro
322 2666 431 2689 mora
449 2655 557 2698 finis3
590 2655 936 2701 Argentoratil751.
967 2659 1069 2692 Fue·
1209 2657 1425 2691 Jablonskii
1444 2657 1646 2702 Opuscula.
1670 2659 1727 2693 ed.
1749 2657 1805 2692 Te
1823 2656 2043 2693 Water.111.

233 2728 325 2761 runt
358 2724 533 2770 inprimis
560 2725 799 2761 Montanistae
836 2727 902 2771 qui
936 2727 1069 2762 mundi
1208 2738 1249 2772 p.
1268 2725 1349 2761 333.
