2341 3340
1184 92 1252 142 26

252 236 480 279 Turburbii
508 235 582 275 sed
615 233 861 289 Carthagine
895 248 1033 290 passas
1073 249 1166 278 esse
1193 236 1367 279 inferius
1401 238 1756 279 demonstrabitur.
1818 239 1897 280 Hae
1927 252 2024 280 vero
2053 252 2180 292 quum

249 316 452 368 Mat-tyrio
480 317 686 356 coronatae
720 315 804 356 sint
835 317 1035 357 natalibus
1065 317 1183 358 Getae
1199 316 1386 367 Caesaris,
1419 318 1489 370 qui
1520 317 1661 358 Caesar
1686 319 1949 359 renunciatus
1978 322 2041 359 est
2071 331 2179 359 anno

249 409 291 437 u.
324 408 359 435 c.
386 393 497 443 951„
534 393 632 434 Chr.
661 395 756 434 191.
788 398 949 449 tempus
980 397 1241 438 constituitur
1267 410 1348 449 quo
1378 397 1550 450 Optatus
1577 399 1869 452 Episcopatum
1899 397 2067 452 gessit-²».

430 470 480 528 2)
513 473 614 513 Post
639 473 832 526 optatum
860 476 1074 528 ponendus
1103 478 1395 531 Agrippinas,
1435 490 1558 528 quem
1588 477 1714 517 habet
1744 478 1992 531 Cyprianus,
2024 477 2180 530 primus

249 555 333 596 huc
363 566 495 605 usque
540 553 722 593 creditus
764 538 994 607 Episcopus
1032 555 1379 607 Carthaginiensis
1399 555 1444 604 43
1497 557 1549 595 de
1584 570 1663 608 quo
1700 559 1816 610 plura
1857 570 1947 597 cAP.
1980 568 2088 596 xxu.
2128 555 2182 594 de

251 633 438 674 Concilio
467 632 516 672 ab
547 644 597 670 eo
630 632 785 681 habito,
822 647 927 680 anno
955 637 1001 672 ut
1029 633 1192 673 videtur
1222 631 1326 682 215,
1363 635 1514 682 acturi,
1554 635 1751 677 dicemus.
1816 636 1976 676 Vixisse
2018 635 2183 675 videtur

249 714 324 754 sub
355 713 480 752 finem
508 712 639 751 seculi
673 711 723 751 ΙΙ.
751 716 794 752 et
824 713 943 751 initio
977 713 1121 760 tertii3
1174 713 1313 764 itaque
1342 711 1594 765 Augustinus
1627 714 1753 753 Libro
1783 713 1853 755 IV.
1882 718 2023 761 contra
2051 713 2185 754 Dona-

248 794 364 833 tistas
395 805 431 831 c.
454 792 495 831 6.
526 793 739 832 veritatem
783 791 895 831 haud
929 787 1064 839 laesit,
1088 788 1157 830 ‘de
1188 795 1344 846 paucis
1387 799 1492 833 ante
1523 795 1796 848 Cyprianum
1835 795 1990 840 annis,
2034 792 2182 842 quibus

250 872 477 912 Concilium
505 871 720 924 Agrippini
749 870 936 910 habitum
958 869 1059 917 fuit,
1091 870 1277 921 loquens,
1316 882 1418 921 quos
1447 875 1584 910 tamen
1614 873 1702 923 ipse
1732 860 1957 924 Cyprianus
1989 871 2084 923 (Ep.
2113 870 2182 915 ⁵73.

247 951 300 992 ad
330 951 534 1004 Jubajau.)
601 951 770 991 Multos
811 963 952 990 annos
984 954 1030 989 et
1067 951 1246 1003 longam
1276 954 1455 990 oetatem
1491 953 1689 1005 appellat
1712 950 1742 989 5.
1802 951 2028 1004 Cyprianus
2071 949 2182 988 enim

246 1031 336 1070 istis
373 1029 629 1082 temporibus
666 1032 778 1068 tanto
816 1031 904 1069 erat
939 1029 1237 1081 propinquior,
1287 1042 1407 1080 quam
1452 1029 1726 1082 Augustinus,
1776 1031 1846 1082 qui
1895 1030 2053 1069 duobus
2089 1029 2183 1068 fere

246 1111 339 1161 post
392 1120 485 1147 eum
536 1108 687 1147 seculis
726 1109 860 1157 vixit3
920 1108 1019 1148 inde
1064 1108 1220 1148 factum
1260 1110 1308 1147 ut
1358 1108 1514 1161 majora
1566 1112 1798 1161 temporum
1840 1109 2053 1148 intervalla
2101 1106 2182 1160 ipsi

246 1178 499 1226 viderentur.

425 1266 470 1317 3)
518 1268 677 1323 Cyrum
706 1266 833 1306 habet
861 1264 1152 1306 Schelstratius
1190 1279 1230 1319 p.
1252 1265 1348 1305 2²72.
1383 1280 1434 1306 ex
1456 1267 1753 1321 Martyrologio
1781 1267 1999 1315 Roman03
2037 1268 2080 1305 et
2114 1265 2182 1305 vix

246 1349 410 1399 tempus
453 1337 649 1398 apparere
693 1345 838 1394 docet,
895 1352 976 1397 quo
1014 1345 1262 1398 Cyprianum
1306 1347 1416 1385 inter
1466 1350 1508 1386 et
1550 1347 1824 1399 Augustinum
1874 1347 2184 1399 Hipponensem

245 1425 497 1477 Episcopum
536 1426 623 1478 ejus
653 1425 923 1478 Episcopatus
953 1426 1148 1478 assignari
1175 1426 1331 1478 possit,
1371 1404 1509 1477 itaque
1541 1427 1814 1478 antiquiorem
1846 1425 1975 1465 fuisse
2003 1423 2184 1479 statuit&

245 1504 362 1544 Nihil
395 1504 447 1543 de
477 1517 527 1543 eo
559 1508 735 1544 constat:
775 1505 851 1544 sed
882 1502 1135 1553 celebratam
1150 1505 1200 1544 ab
1232 1505 1420 1545 Ecclesia
1433 1506 1626 1546 Africana
1656 1506 1744 1558 ejus
1772 1505 1900 1545 fuisse
1927 1505 2182 1552 memoriam,

245 1568 478 1624 Possidium
493 1584 692 1624 habemus
719 1588 942 1633 auctorem,
974 1585 1042 1636 qui
1067 1585 1110 1623 in
1133 1585 1214 1624 vita
1226 1585 1444 1638 Augustini
1460 1586 1596 1634 tradit,
1615 1585 1922 1638 Hipponensem
1933 1563 2183 1637 Episcopum

245 1662 488 1704 Sermonem
521 1664 573 1703 de
605 1664 693 1716 ejus
724 1664 982 1717 depositione
1013 1664 1211 1703 habuisse
1239 1664 1284 1703 in
1315 1678 1447 1704 annua
1479 1665 1567 1717 ejus
1599 1664 2001 1705 commemoratione.

424 1741 470 1794 4)
517 1744 736 1791 Donatus,
772 1742 825 1782 de
854 1756 935 1794 quo
966 1743 1055 1795 ipse
1085 1742 1311 1794 Cyprianus
1340 1743 1392 1783 ad
1419 1743 1655 1783 Cornelium
1673 1744 1903 1783 Romanum
1928 1742 2180 1797 Episcopum

246 1836 314 1876 ep..
342 1822 410 1862 59.
448 1836 488 1875 p.
518 1820 611 1859 132.
682 1822 1041 1865 Antecessorum,
1071 1822 1204 1866 etiam
1248 1828 1499 1862 nostrorum
1521 1851 1533 1870 ,
1592 1822 1707 1876 quod
1757 1825 1802 1862 et
1844 1814 2036 1863 vestram
2074 1809 2176 1860 con-

244 1903 476 1943 scientiam
510 1914 599 1941 non
633 1901 766 1948 lacet,
800 1901 993 1941 Fabiani
1022 1904 1066 1940 et
1095 1901 1267 1940 Donati
1298 1901 1461 1941 litteris
1492 1903 1766 1941 severissime
1800 1905 2003 1941 notatum
2025 1902 2176 1953 fuisse

246 1982 478 2022 Privatum
513 1981 782 2020 haereticum.
842 1979 1023 2018 Donatus
1057 1978 1182 2031 igitur
1221 1977 1447 2031 Cypriani,
1488 1980 1594 2020 sicut
1625 1979 1828 2019 Fabianus
1855 1978 2059 2027 Cornelii,
2098 1977 2179 2018 fuit

293 2166 310 2195 3
337 2167 522 2212 Optatam
543 2168 749 2202 Mor-celius
771 2167 975 2214 Agrippini
998 2177 1188 2202 successo-
1330 2166 1392 2200 vir
1426 2176 1450 2201 a
1481 2165 1671 2200 l’histoire
1696 2165 1991 2210 Ecclesiastique
2023 2165 2088 2199 des
2116 2164 2175 2199 six

340 2249 429 2272 rum
449 2239 566 2280 Afacit.
596 2238 626 2272 Ι.
658 2250 693 2283 p.
717 2238 775 2272 51.
811 2242 849 2272 ct
877 2237 1019 2273 sedisse
1055 2239 1189 2274 statuit
1327 2237 1515 2282 premiers
1536 2236 1667 2271 siecles
1686 2236 1737 2270 II.
1759 2235 1840 2271 186.
1857 2236 1938 2280 b.);
1962 2235 2060 2269 alter
2077 2234 2177 2269 Nea-

332 2309 389 2344 fab
410 2320 506 2343 anno
523 2308 604 2343 201.
631 2320 749 2353 usque
769 2309 816 2343 ad
838 2308 918 2342 204.
1329 2308 1506 2352 politanae
1556 2306 1736 2340 Ecclesiae
1782 2306 1981 2351 praefuissc
2032 2305 2175 2341 dicitur

1330 2382 1501 2423 tempore
1519 2376 1581 2412 Pii
1598 2376 1778 2422 Episcopi
1798 2377 1965 2411 Romani
1996 2375 2172 2421 (Tillem.

1330 2449 1425 2483 ibid.
1447 2461 1483 2493 p.
1502 2447 1582 2482 131.
1608 2450 1645 2482 et
1670 2447 1770 2492 29¹7.)

1280 2534 1298 2563 5
1325 2535 1383 2569 Cf.
1402 2535 1535 2570 Routh
1558 2532 1747 2578 Reliquiae
1762 2531 1884 2568 Sacrae
1900 2533 1969 2567 ΙΙΙ.
1993 2544 2027 2576 p.
2043 2530 2122 2565 137.

295 2417 312 2445 4
343 2416 576 2462 Agrippinus
600 2417 664 2451 hic
683 2417 803 2461 probe
827 2416 1117 2463 distinguendus
1131 2420 1188 2452 est
1244 2465 1246 2467 Ι

341 2497 364 2521 a
387 2486 536 2521 duobus
557 2487 643 2521 aliis
664 2486 860 2532 Episcopis
882 2487 1185 2533 cognominibus,

344 2568 507 2601 quorum
535 2557 634 2591 alter
655 2557 951 2591 Alexandrinam
973 2557 1185 2592 Ecclesiam

340 2627 442 2662 rexit
463 2628 510 2662 ab
532 2638 627 2661 anno
647 2627 816 2662 167-179.
846 2626 1003 2681 (Euseb.
1017 2628 1067 2662 H.
1081 2628 1183 2662 Eccl.
1278 2628 1295 2656 6
1322 2627 1426 2662 Huic
1462 2627 1670 2662 Morccllus
1691 2614 1813 2662 annos*
1831 2638 1876 2662 ex
1907 2625 2069 2661 arbitrio
2104 2626 2171 2661 ad-

339 2697 403 2732 lv.
416 2698 471 2733 19.
517 2698 726 2732 Tillcmont
751 2697 956 2733 Mdmoirus
982 2709 1078 2743 pour
1103 2710 1182 2733 scr·
1325 2698 1450 2744 signat
1478 2697 1647 2733 205-224.
