2341 3340
1018 158 1117 204 155

108 300 300 342 ,nondum
323 302 495 342 haberet
522 302 728 349 ecclesias,
759 312 882 351 quum
911 299 1071 338 nonnisi
1096 298 1249 338 Africae
1271 298 1575 341 Proconsularis
1605 306 1647 342 et
1666 303 1869 344 Numidiae
1897 304 2022 344 inter-

123 381 305 419 venerint
325 380 529 433 Episcopi.
585 380 657 418 Illa
685 378 849 429 quidem
878 380 997 415 aetate
1025 377 1197 416 concilia
1223 377 1266 415 in
1281 377 1377 416 Asia
1405 379 1550 418 minori
1568 380 1804 432 Graeciaque
1833 387 2022 422 recenter

123 462 236 498 erant
263 460 466 506 instituta,
509 458 653 509 quibus
690 456 870 508 episcopi
905 456 1052 494 imitati
1092 458 1186 494 sunt
1225 455 1387 494 urbium
1422 460 1463 494 et
1491 460 1786 509 provinciarum
1821 473 1891 499 eos
1926 473 2022 500 con-

120 541 283 586 ventus,
324 538 392 588 qui
420 533 631 577 KOINA
658 534 926 583 vocabantur,
963 538 1006 573 et
1035 535 1077 574 in
1108 535 1242 573 numis
1270 534 1417 573 horum
1455 538 1681 587 temporum
1710 550 1817 589 saepe
1846 550 2024 577 comme-

120 617 263 656 morati
290 617 479 667 leguntur
496 612 543 652 ¹⁹.
599 613 661 652 De
690 612 855 664 synodis
887 614 1021 661 enim,
1068 612 1114 652 nit
1145 613 1196 652 de
1225 613 1339 652 novis
1370 614 1577 662 institutis,
1620 613 1907 665 Tertullianus,
1954 617 2023 669 qui

119 685 240 734 alicui
269 695 312 732 in
342 693 501 732 Graecia
528 691 783 740 interfuerat,
826 704 974 743 easque
1006 693 1188 730 oratione
1217 691 1468 744 apologetica
1496 691 1750 741 defenderat,
1790 695 2022 745 loquitur20.

118 772 294 812 Primam
325 774 460 811 autem
489 771 745 809 occasionem
783 783 850 809 eas
887 769 1158 822 congregandi
1200 770 1375 821 praebuit
1412 771 1685 809 controversia
1717 771 2022 821 Montanistica3

118 851 232 891 brevi
255 855 348 903 post
375 851 547 889 accessit
572 850 742 899 quaestio
772 849 824 887 de
854 852 1038 901 tempore
1060 848 1269 889 Paschatis
1291 849 1525 888 celebrandi
1534 863 1545 897 3
1586 853 1628 888 et
1647 853 1739 901 post
1751 849 1917 889 Graecos
1933 851 2025 890 Afri

118 928 285 968 fuerunt
313 930 434 980 primi
458 929 528 979 qui
555 928 598 966 in
626 927 789 979 synodis
822 927 1097 967 convenirent.
1158 926 1371 974 Ceterum,
1418 939 1540 976 quum
1570 928 1679 967 haud
1708 932 1819 967 certe
1851 933 2024 978 constet,

119 1017 200 1057 quo
237 1010 420 1058 tempore
462 1006 736 1045 Tertullianus
775 1007 924 1046 librum
968 1007 1021 1046 de
1060 1006 1221 1059 jejunio
1266 1007 1500 1057 scripserit,
1548 1019 1598 1045 ex
1644 1007 1805 1046 silentio
1849 1007 1935 1059 ejus
1972 1008 2024 1048 de

119 1084 302 1123 Concilio
336 1085 548 1137 Agrippini
594 1085 760 1124 minime
803 1086 998 1137 colligere
1032 1086 1153 1133 licet,
1194 1088 1330 1123 utrum
1362 1088 1455 1123 ante
1491 1098 1540 1124 an
1579 1089 1670 1136 post
1701 1086 1809 1124 illius
1843 1090 2026 1139 tempora

119 1162 252 1202 editus
297 1163 435 1202 fuerit.
510 1163 573 1202 Ex
618 1164 698 1202 hoc
740 1168 874 1202 tamen
916 1165 1021 1203 libro
1072 1167 1208 1215 patet,
1261 1162 1502 1212 Septimium
1532 1163 1618 1214 jam
1664 1163 1715 1201 ad
1756 1164 2026 1205 Montanistas

118 1241 337 1290 transiisse,
373 1224 546 1293 eumque
576 1243 759 1290 concilia,
789 1254 960 1292 quorum
981 1242 1122 1292 prima,
1146 1240 1357 1290 Hierapoli
1385 1253 1488 1279 anno
1514 1241 1608 1279 174).
1634 1253 1670 1278 v.
1685 1241 1778 1280 173.
1809 1246 1850 1280 et
1879 1243 2024 1282 eodem

118 1319 283 1358 circiter
322 1324 507 1372 tempore
545 1319 730 1359 Anchiali
767 1320 936 1367 habita,
976 1317 1252 1358 Montanismo
1281 1318 1393 1357 haud
1423 1318 1615 1358 favebant
1635 1319 1691 1368 21,
1731 1319 1920 1361 habuisse
1951 1334 2025 1373 pro

117 1397 311 1437 institutis
353 1411 466 1437 mere
508 1399 695 1437 humanis
740 1398 789 1437 ab
841 1396 1041 1450 episcopis
1085 1397 1296 1435 arbitrarie
1345 1409 1476 1448 eoque
1520 1397 1689 1436 consilio
1733 1399 1937 1448 conditis,
1979 1404 2026 1439 ut

118 1475 230 1514 laicis
264 1477 396 1529 legem
431 1476 648 1516 ferrent22.
729 1476 828 1515 lude
864 1488 1026 1527 quoque
1058 1476 1263 1526 sequitur,
1301 1475 1597 1514 Tertullianum
1627 1489 1709 1515 non
1739 1476 1791 1515 de
1820 1477 2027 1517 Montani-

118 1557 270 1593 starum
301 1556 373 1594 sed
404 1556 455 1595 de
485 1556 789 1595 catholicorum
820 1555 1002 1594 conciliis
1029 1555 1154 1593 verba
1181 1553 1340 1601 facere;
1401 1554 1479 1593 etsi
1507 1554 1670 1593 illorum
1699 1558 1838 1594 coetus
1866 1568 1915 1594 eo
1939 1556 2026 1608 jam
2076 1594 2084 1601 ,

119 1636 303 1684 tempore
346 1635 388 1672 in
431 1634 585 1673 Graecis
632 1635 838 1673 numerosi
887 1633 989 1673 adeo
1033 1632 1213 1680 fuerint,
1266 1635 1311 1672 ut
1349 1633 1520 1672 concilia
1565 1633 1721 1672 habere
1751 1635 1958 1685 potuerint
1975 1633 2026 1674 23.

120 1710 277 1759 Quodsi
306 1711 429 1763 igitur
454 1712 524 1750 ille
557 1711 608 1750 de
633 1712 795 1764 jejunio
828 1712 934 1750 liber
962 1714 1056 1763 post
1083 1710 1296 1762 Agrippini
1329 1710 1555 1751 Concilium
1592 1710 1724 1751 editus
1753 1712 1920 1763 fuisset,
1961 1715 2027 1754 vix

142 1861 178 1889 19
201 1863 257 1897 Ab
271 1863 593 1910 Amphictyonum
606 1864 645 1908 in
659 1864 847 1898 deSenatu
872 1864 1050 1908 frequen·
1121 1862 1156 1891 21
1179 1862 1336 1897 Walchs
1358 1862 1530 1897 Historie
1562 1865 1628 1898 der
1648 1865 2026 1902 Kirchenversamm-

212 1935 268 1967 tes
296 1937 382 1968 sunt
405 1935 622 1968 Graecorum
645 1937 863 1975 conventus,
893 1944 983 1977 quos
1013 1936 1050 1967 et
1188 1931 1329 1977 lungen
1368 1943 1404 1977 p.
1433 1932 1490 1968 83.
1514 1932 1571 1970 84.

211 2013 415 2045 marmora,
441 2008 479 2038 et
497 2003 670 2048 inprimis
688 2002 808 2044 numi,
827 2003 1048 2047 loquuntur,

212 2070 250 2104 in
273 2071 408 2114 quibus
434 2075 638 2108 KOINON
655 2073 818 2115 ACIAG'
849 2074 1054 2107 KOINON
1119 2047 1156 2076 22
1192 2048 1361 2093 Zieglers
1403 2048 1890 2095 kritisch-pragmatische
1930 2052 2027 2087 Dar-

215 2141 494 2184 BEIOYNIAC'
532 2146 582 2176 K·
615 2144 823 2184 KTHPOY'
850 2145 899 2176 Κ.
924 2145 1050 2176 ΚΡΠ-
1189 2118 1358 2162 stellung
1401 2118 1464 2151 des
1494 2119 1711 2164 Urspruugs
1742 2120 1810 2153 der
1840 2120 2027 2156 Kirchen-

207 2212 336 2254 «ΤΩΝ,
370 2214 420 2245 K·
455 2213 755 2253 HANIONION'
779 2213 829 2244 K·
854 2213 932 2244 ΕΓ.
958 2212 1050 2245 ΠΟ-
1190 2187 1370 2232 synodw,
1390 2187 1790 2233 iuHenkesMagazin.
1804 2189 2026 2234 VI1.p.135.

214 2279 366 2313 ΛΕΩΝ
397 2282 434 2313 et
469 2292 496 2314 S.
519 2293 554 2325 p.
579 2281 668 2315 vide
693 2279 870 2314 Eckhelii
896 2279 1048 2313 Doctri-
1118 2301 1154 2330 23

213 2358 302 2381 nam
322 2348 476 2384 Numor.
497 2351 678 2384 Veterum
701 2350 764 2383 IV.
789 2361 825 2394 p.
842 2348 922 2383 428.
944 2360 1046 2392 sequ.

142 2416 180 2445 ²⁰
202 2417 257 2451 De
283 2417 431 2460 jejunio
455 2430 486 2452 c.
510 2418 566 2453 13.
608 2418 783 2463 Spittlcri
818 2418 1049 2453 Geschichte

214 2486 279 2520 des
310 2487 444 2520 kanon.
468 2487 611 2521 Rechts
639 2499 675 2531 p.
696 2487 754 2522 38.
779 2490 816 2521 ct
842 2487 1050 2521 Moshcmii

215 2556 425 2591 comment.
449 2557 494 2590 de
513 2557 626 2590 rebus
644 2556 948 2591 Christianorum
964 2559 1050 2590 ante

1189 2303 1281 2337 Haec
1319 2301 1504 2336 nimirum
1544 2303 1590 2336 de
1629 2302 1764 2347 primis
1807 2304 2026 2341 Graecorum

1190 2371 1359 2406 conciliis
1388 2371 1463 2405 fuit
1484 2372 1668 2406 sententia
1686 2372 1849 2408 Valesii:
1875 2374 2025 2410 Monta-

1189 2441 1296 2476 nistae
1332 2446 1433 2476 certe
1469 2440 1537 2475 illa
1566 2445 1673 2475 aetate
1699 2442 1738 2476 in
1765 2442 1898 2478 Africa
1933 2444 2025 2479 adeo

1191 2511 1385 2546 numerosi
1423 2510 1527 2544 haud
1553 2511 1731 2554 fuerunt,
1778 2516 1821 2548 ut
1858 2513 2026 2549 eoncilia

1193 2581 1385 2615 celebrare
1417 2579 1622 2624 potuerint.

215 2626 406 2660 Constant.
446 2625 499 2660 M.
532 2637 568 2669 p.
596 2624 676 2678 2534.
709 2637 811 2670 sequ.
858 2625 1050 2660 Neanders

216 2695 261 2730 G.
281 2695 316 2729 d.
335 2695 380 2729 Τ.
415 2694 495 2730 289.
518 2694 599 2730 290.
