2341 3340
1177 155 1278 203 228

272 312 427 352 tionem
459 306 598 361 gratim
627 304 672 344 in
699 301 998 344 ultimasseculi
1027 300 1155 353 spatia
1185 298 1361 338 decreta.
1420 295 1466 336 ln
1495 295 1723 337 novissimis
1753 296 1861 336 enim
1894 295 2056 346 dicbus,
2086 294 2186 336 dicit

271 389 492 434 Dominus,
537 383 744 424 effundam
772 381 823 421 de
852 380 1006 432 Spiritu
1027 391 1120 420 meo
1151 389 1273 430 super
1302 388 1464 416 omnem
1493 388 1678 425 carnem,
1722 378 1765 415 et
1786 375 2086 428 prophetabunt
2111 373 2187 415 filii

271 468 452 517 filiaeque
481 476 643 512 eorum,
679 465 721 501 et
753 474 877 514 super
899 472 1037 501 servos
1066 462 1108 497 et
1144 456 1310 496 ancillas
1339 467 1450 495 meas
1484 454 1536 494 de
1560 467 1651 495 meo
1683 454 1838 507 Spiritu
1867 453 2094 494 effundam:
2145 458 2188 494 et

266 547 440 601 juvenes
463 543 638 583 visiones
658 539 867 589 videbunt,
892 543 934 579 et
961 549 1080 579 senes
1111 534 1270 577 somnia
1290 533 1586 585 somniabunt&
1643 533 1784 586 Itaque
1812 536 1853 573 et
1875 545 1965 582 nos,
1993 532 2063 585 qui
2083 532 2188 573 sicut

273 621 547 677 prophetias7‚
575 623 633 661 ita
664 623 706 660 et
732 620 910 660 visiones
941 627 1077 664 novas,
1103 615 1258 668 pariter
1286 613 1566 665 repromissas,
1595 615 1638 652 et
1666 612 1920 665 agnoscimus
1949 615 1991 651 et
2012 611 2188 651 honora-

273 716 384 751 mus;
418 704 670 752 caeterasque
697 700 867 739 virtutes
893 695 1069 749 Spiritus
1084 693 1222 733 Sancti
1250 690 1301 731 ad
1331 691 1647 730 instrumentum
1677 690 1903 739 Ecclesiae&
1934 690 2189 742 delzutamuS,

274 783 341 822 cui
359 785 400 821 et
415 781 568 820 missus
592 782 655 818 est
682 767 793 818 idem
819 776 952 816 omnia
976 771 1191 813 donativa⁹
1218 770 1501 812 administrans
1527 770 1571 810 in
1596 769 1796 817 omnibus,
1828 772 1950 821 prout
1971 769 2189 821 unicuique

274 861 482 902 distribuit
529 858 726 911 Dominus
748 882 760 902 ‚
820 853 1053 892 necessario
1099 854 1142 890 et
1177 851 1424 903 digerimus,
1477 853 1520 890 et
1567 847 1619 890 ad
1670 847 1840 901 gloriam
1885 847 1962 888 Dei
2011 849 2190 889 lectione

274 936 540 984 celebramus,
575 937 622 973 ut
647 944 699 973 ne
726 943 805 983 qua
834 931 903 968 aut
931 927 1191 967 imbecillitas
1222 931 1293 966 aut
1318 927 1550 980 desperatio
1575 927 1675 967 fidei
1707 926 1815 981 apud
1846 929 2005 968 veteres
2034 922 2191 969 tantum

275 1015 449 1056 aestimet
484 1014 654 1066 gratiam
693 1007 914 1049 divinitatis
953 1007 1255 1053 conversatam,
1301 1004 1388 1044 sive
1422 1009 1671 1058 martyrum,
1714 1009 1800 1048 sive
1829 1008 1870 1048 in
1898 1007 2192 1048 revelationum

275 1094 510 1147 dignatione
525 1091 585 1131 1⁰:
612 1074 728 1130 *cum
758 1097 921 1139 semper
944 1082 1062 1125 Deus
1099 1085 1294 1136 operetur
1322 1095 1415 1135 quae
1454 1085 1708 1136 repromisit,
1746 1099 1829 1126 non
1860 1086 2121 1133 credentibus
2148 1086 2192 1126 in

274 1173 554 1213 testimonium
568 1168 622 1219 ¹¹,
658 1166 921 1208 credentibus
961 1165 1005 1204 in
1041 1163 1302 1204 beneficium.
1370 1162 1426 1202 Et
1458 1175 1532 1202 nos
1561 1163 1699 1214 itaque
1739 1163 1849 1215 quod
1887 1163 2111 1204 audivimus
2150 1166 2193 1203 et

276 1251 638 1297 contrectavimus,
681 1245 969 1287 annunciamus
1000 1247 1041 1283 et
1072 1243 1206 1292 vobis,
1244 1242 1394 1282 fratres
1431 1245 1474 1282 et
1502 1243 1648 1283 filioli:
1701 1246 1746 1283 ut
1766 1241 1827 1284 >et
1853 1256 1924 1284 vos
1964 1243 2034 1296 qui
2064 1243 2193 1283 inter-

274 1331 411 1371 fuistis
453 1325 785 1369 rememoremini
827 1322 969 1376 gloriae
1009 1322 1200 1362 Domini:
1253 1324 1295 1360 et
1337 1321 1409 1373 qui
1451 1334 1560 1363 nunc
1601 1323 1848 1376 cognoscitis
1883 1336 1959 1376 per
1997 1321 2194 1370 auditum,

276 1409 604 1450 communionem
631 1403 816 1445 habeatis
851 1414 943 1441 cum
982 1401 1132 1441 sanctis
1162 1400 1441 1452 Martyribus,
1485 1403 1623 1453 et‘per
1650 1402 1743 1442 illos
1773 1414 1864 1442 cnm
1894 1401 2067 1442 Domino
2095 1400 2195 1442 Jesu

276 1486 466 1527 Christo:
511 1486 577 1525 cui
607 1486 669 1523 est
700 1481 860 1521 claritas
890 1482 933 1518 et
959 1480 1094 1519 honor
1121 1480 1165 1519 in
1193 1479 1329 1519 secula
1360 1479 1606 1520 seculorum.
1661 1480 1809 1521 Amen.

323 1632 341 1660 6
365 1632 452 1666 Joel
471 1632 520 1666 ΙΙ.
540 1630 598 1668 28.
647 1630 773 1664 Actor.
795 1628 853 1663 17.
902 1626 999 1661 Sunt
1020 1625 1212 1661 Montani-

369 1704 517 1737 starum
533 1699 696 1734 visiones
715 1702 829 1742 atque
848 1695 1044 1738 vaticinia,
1068 1695 1113 1729 dc
1128 1694 1212 1739 qui-

370 1771 442 1805 bus
461 1772 615 1812 auctor,
637 1767 704 1813 qui
722 1768 801 1813 ipse
822 1765 1101 1801 Montanisticis
1129 1765 1211 1810 pla-

374 1841 458 1875 citis
480 1840 651 1875 imbutus
670 1842 765 1881 erat,
792 1838 830 1872 h.
844 1838 869 1872 1.
893 1836 1048 1882 cogitat.

324 1911 342 1939 7
364 1909 604 1944 Montanistae
628 1907 839 1942 doctrinam
860 1917 968 1941 suam
997 1917 1126 1940 novam
1145 1915 1214 1939 vo-

373 1978 765 2024 caruntProphetl'am.
792 1977 844 2011 H.
873 1976 968 2011 Vide
982 1974 1213 2010 CARXXII.

372 2061 408 2094 1).
433 2049 514 2084 139.

323 2120 342 2147 8
366 2121 644 2154 Instrumentem
675 2118 748 2151 hac
780 2113 1056 2160 significatione
1079 2112 1212 2156 soepius

371 2189 515 2234 legitur
537 2188 638 2232 apud
660 2186 784 2221 Afros
823 2183 1087 2218 Tertullianus
1111 2182 1212 2215 libro

374 2259 419 2293 de
455 2259 550 2303 suga
571 2257 610 2291 in
649 2253 912 2301 persecutione
941 2264 971 2286 c.
993 2252 1026 2286 2.
1067 2251 1215 2304 Diaboli

374 2328 601 2373 iniquitatem
641 2326 691 2360 ad
725 2316 1002 2359 instrumentum.
1041 2333 1212 2368 persecu-

374 2399 482 2433 tionis
514 2408 595 2431 esse
624 2395 688 2431 ait.
738 2396 794 2429 De
823 2394 930 2428 cultu
956 2392 1212 2426 feminarume

374 2480 404 2503 c.
422 2468 456 2503 8.
487 2468 532 2502 dc
555 2466 747 2513 gravitate
764 2466 1006 2499 Instrumenta
1023 2463 1210 2507 pudicicia:

372 2537 566 2584 loquitur,
604 2540 642 2571 ct
665 2535 811 2581 saepius.
844 2535 895 2569 ΙΙ.
939 2534 1004 2586 Cf.
1028 2536 1211 2577 praeterea

373 2609 545 2644 Indicem
563 2606 782 2641 Latinitatis
795 2603 1065 2639 Tertullianeae
1084 2615 1118 2647 p.
1130 2601 1210 2636 431.

326 2681 344 2708 9
367 2682 567 2726 Χαρίσλιιατα
594 2676 733 2712 veteris
766 2674 943 2709 ecclesiae.
971 2674 993 2707 1
1016 2673 1100 2707 Cor.
1123 2672 1208 2707 XII.

375 2750 458 2784 adv.
492 2747 728 2782 Marcionem
754 2747 794 2780 V.
828 2757 858 2779 c.
883 2744 917 2780 2.
968 2745 1069 2778 Data
1111 2743 1210 2777 dedic

1345 1627 1440 1671 fiais
1461 1627 1651 1669 hominum,
1677 1627 1715 1661 id
1742 1632 1795 1662 est
1812 1628 1985 1662 donativa
2008 1618 2086 1672 quie
2105 1628 2194 1663 cha-

1287 1704 1295 1711 ⁴
1352 1697 1507 1731 rismata
1533 1697 1693 1731 dicimus.
1754 1697 1804 1732 H.

1284 1764 1319 1795 1⁰
1345 1767 1524 1813 Dignatz'o
1548 1768 1648 1812 apud
1685 1766 1990 1810 Tertullianum,
2033 1767 2194 1814 Cypria-

1351 1848 1456 1878 num,
1487 1837 1656 1881 aliosque
1675 1837 1787 1871 Afros
1810 1837 1912 1871 idem
1936 1837 2034 1881 quod
2046 1838 2190 1881 Gratia,

1357 1917 1472 1950 quam
1490 1907 1592 1940 Deus
1611 1907 1785 1940 conferre
1797 1910 1862 1941 aut
1870 1910 2047 1950 praestarc
2059 1907 2192 1953 digna-

1356 1979 1430 2010 tur.
1480 1976 1643 2010 Tei-tull.
1666 1976 1710 2009 de
1728 1953 1918 2009 Patientia
1939 1987 1968 2009 c.
1987 1975 2043 2011 11.
2095 1976 2191 2010 Gra-

1356 2046 1473 2080 tulari
1502 2049 1538 2080 et
1567 2044 1734 2090 gaudere
1763 2055 1827 2077 nos
1860 2044 1949 2078 dicit
1979 2045 2194 2090 dignatione

1356 2115 1484 2149 (Ιίυῐηιε
1502 2113 1766 2159 castigationis.
1807 2113 1864 2147 De
1886 2112 1992 2146 cultu
2016 2113 2193 2151 seminar.

1356 2195 1385 2217 c.
1400 2183 1434 2217 2.
1468 2184 1566 2218 Nam
1585 2183 1678 2216 vobis
1697 2186 1732 2217 et
1745 2208 1752 2216 .
1767 2208 1774 2216 .
1791 2209 1798 2217 .
1810 2208 1819 2217 .
1838 2182 2194 2227 eandem-judicandi

1355 2254 1604 2299 dignationem
1643 2239 1846 2296 pollicetur.
1910 2252 1967 2286 De
1999 2252 2192 2298 baptismo

1354 2335 1383 2358 c.
1405 2322 1438 2358 3.
1471 2323 1527 2357 18.
1579 2322 1734 2357 Praescr.
1774 2333 1803 2356 c.
1837 2319 1894 2354 34.
1944 2322 2001 2369 De
2035 2323 2191 2369 patient.

1356 2405 1386 2428 c.
1409 2395 1442 2427 4.
1491 2392 1648 2426 Pontius
1669 2391 1708 2425 in
1729 2392 1810 2426 vita
1832 2390 2027 2436 Cypriani.
2071 2393 2190 2439 Finge

1352 2464 1443 2498 enim
1487 2467 1574 2496 tunc
1618 2462 1719 2495 illum
1759 2462 1934 2506 Martyrii
1976 2463 2191 2509 dignatione

1350 2533 1594 2568 translatum.-
1620 2535 1657 2565 et
1677 2530 1810 2575 saepius
1832 2531 1932 2575 apud
1944 2531 2188 2576 Cyprianum.

1280 2603 1314 2632 11
1342 2603 1505 2636 Tei-tull.
1537 2603 1582 2636 de
1614 2601 1740 2635 anima
1772 2612 1803 2635 e.
1824 2594 1879 2635 51.
1934 2601 2067 2646 Ubique
2092 2602 2189 2636 Deus

1345 2673 1538 2718 potestatis
1581 2683 1653 2705 succ
1695 2672 1806 2716 signa
1840 2671 2008 2714 proponit
2041 2671 2114 2706 suz‘s
2151 2671 2189 2705 ι”η

1351 2743 1529 2783 solatium,
1565 2741 1719 2776 externis
1742 2741 1776 2774 in
1801 2740 2048 2775 testimonium.
