2341 3340
1167 148 1268 196 210

262 299 566 343 converterunt.
637 295 686 336 In
724 294 815 348 ipso
858 293 1156 347 amphitheatro
1189 290 1387 344 flagellis,
1428 289 1659 343 postulante
1694 289 1867 343 populo,
1907 286 2180 330 caedebantur.

264 378 463 420 Habitum
497 376 680 416 Deorum
713 373 887 413 induere
931 372 1159 419 debebant3
1204 370 1282 409 viri
1310 368 1477 420 quidem
1524 369 1635 419 (nam
1663 368 1868 419 Perpetua
1903 370 1945 405 et
1986 366 2181 407 Felicitas

264 457 502 509 complures
525 454 724 508 passionis
751 452 957 492 habebant
992 450 1143 499 socios>
1188 447 1446 488 sacerdotum
1480 445 1670 496 Saturni,
1705 446 1897 486 mulieres
1929 443 2182 485 Sacratarum

265 535 451 584 Cereris,
496 537 543 573 ut
573 534 632 572 sic
660 531 750 572 Diis
784 533 1132 571 consecrarentur.
1204 525 1287 566 Sed
1319 525 1650 577 deprecationem
1685 525 1848 565 admisit
1885 524 1956 575 qui
1984 522 2183 575 supplicio

263 613 444 667 praefuit.
500 612 704 652 Reticulis
734 614 870 650 tamen
894 609 1086 648 involutae
1114 606 1257 647 bestiis
1286 605 1613 657 objiciebantur:
1651 605 1845 644 mulieres
1873 614 2007 642 vaccae
2037 600 2182 649 feroci,

264 691 502 733 Revocatus
525 690 720 743 leopardo
738 719 749 739 ,
786 689 956 729 Saturus
988 684 1193 740 apr01011.
1249 683 1432 736 Populus
1461 694 1572 730 vere,
1601 682 1673 722 ubi
1701 683 1936 735 sanguinem
1953 681 2185 733 Martyrum

268 783 294 809 e
324 769 562 809 vulneribus
596 769 888 808 scaturientem
929 764 1235 812 animadvertit,
1279 762 1477 801 ferociter
1514 761 1771 800 exclamavit:
1812 754 1991 802 Salvum
2034 762 2182 802 lotum.

266 847 409 899 Itaque
433 847 650 899 gentilibus
672 847 760 897 jam
787 850 875 884 tum
900 849 997 884 nota
1020 847 1107 883 erat
1127 843 1268 882 intima
1286 840 1612 880 Christianorum
1640 839 1693 879 de
1723 840 1933 893 baptismo
1955 839 2188 892 sanguinis

268 926 441 979 ejusque
491 922 687 963 salutari
732 924 889 976 effecta
925 923 1169 975 persuasio,
1242 919 1485 969 Quicunque
1528 931 1551 957 a
1588 917 1732 957 bestiis
1766 917 1886 956 tracti
1912 945 1924 965 ,
1965 899 2186 967 morsuque

266 1000 469 1041 vulnerati
497 1003 625 1050 erant,
657 1000 707 1040 ad
718 999 1019 1052 jugulationem
1043 995 1405 1051 prosternebantur
1418 995 1510 1034 loco
1535 997 1669 1043 solito,
1698 996 1741 1034 in
1758 994 1971 1047 Spoliario.
2028 995 2187 1034 Praeter

266 1080 345 1120 hos
374 1082 745 1119 commemorantur
772 1079 815 1117 in
839 1078 955 1117 Actis
984 1080 1069 1116 tres
1093 1076 1162 1116 alii
1178 1073 1412 1121 Christiani,
1432 1072 1655 1121 JocunduS‚
1675 1071 1914 1113 Saturninus
1932 1078 1974 1114 et
1988 1074 2186 1122 Artaxias,

271 1157 342 1210 qui
377 1157 522 1198 eadem
549 1159 594 1198 in
632 1158 921 1210 persecutione
959 1155 1039 1195 vivi
1076 1157 1263 1195 arserunt
1281 1152 1329 1192 12.
1387 1151 1491 1191 Haec
1531 1152 1666 1191 omnia
1707 1151 1998 1204 suppliciorum
2037 1164 2188 1205 genera

365 1315 451 1350 Non
490 1315 530 1348 in
555 1313 699 1358 publico
734 1314 960 1347 Liberalibus
1003 1312 1205 1355 discumbo,

365 1385 459 1430 quod
477 1384 657 1418 bestiariis
669 1395 871 1428 supremam
892 1383 1124 1417 coenantibus
1135 1393 1208 1416 mos

368 1459 434 1490 est.
460 1454 520 1488 Cf.
540 1465 688 1498 quoque
708 1454 932 1487 Cramerum
950 1453 999 1487 ad
1018 1464 1209 1487 commen-

366 1524 485 1558 tarios
512 1525 683 1556 vetustos
706 1522 744 1555 in
767 1523 995 1556 Juvenalem
1015 1534 1050 1566 p.
1071 1521 1152 1557 425.
1171 1524 1210 1556 et

367 1592 539 1638 Lydium
565 1591 604 1626 in
625 1591 844 1637 Agonistica
866 1602 973 1627 sacra
1002 1604 1037 1636 p.
1058 1591 1115 1628 69.

298 1678 336 1708 1⁰
359 1678 424 1714 Sic
441 1678 617 1718 Bladina,
643 1676 805 1711 reticulo
835 1676 983 1711 inclusa
1008 1680 1119 1712 tauro
1141 1677 1210 1712 ob-

365 1748 470 1793 jecta
504 1751 560 1783 est
578 1772 589 1789 ,
632 1745 773 1791 diuque
811 1746 850 1780 in
895 1748 1018 1781 altum
1053 1747 1210 1790 jactata.

367 1818 541 1863 Epistola
551 1815 754 1851 Ecclesiar.
787 1816 1009 1851 Viennensis
1031 1820 1068 1851 et
1085 1816 1209 1862 Lugd.

370 1889 419 1924 ab
437 1887 604 1922 Eusebio
620 1887 671 1922 H.
689 1887 733 1922 Ε.
746 1886 822 1921 LV.
844 1898 874 1921 c.
892 1888 925 1921 4.
948 1898 1050 1931 sequ.
1075 1886 1210 1928 relata,

371 1957 588 2004 ap Rout11
611 1939 698 1992 nel,
717 1949 840 1991 sacrae
860 1957 891 1991 1.
914 1967 949 2000 p.
974 1955 1055 1991 288.

301 2042 335 2071 11
362 2044 514 2089 Quanta
533 2041 573 2076 iu
593 2040 724 2076 Africa
751 2041 871 2075 fuerit
890 2041 1063 2074 ferarum
1090 2038 1210 2084 eopia,

326 2108 328 2111 ’
374 2113 438 2147 vel
459 2123 503 2146 ex
523 2122 567 2145 eo
589 2113 706 2154 patet,
735 2110 836 2154 quod
855 2110 894 2143 in
913 2109 1015 2143 ludis
1034 2108 1211 2142 circensi-

342 2176 345 2180 ’
372 2182 465 2223 bus,
494 2191 587 2224 quos
618 2181 732 2224 Cajus
753 2181 966 2225 Imperator
988 2179 1120 2212 Romae
1153 2188 1212 2211 an.

371 2252 429 2287 37.
450 2250 584 2292 edidit,
603 2250 674 2285 500
694 2250 775 2284 ursi
800 2250 960 2294 aliaeque
986 2248 1116 2282 multae
1144 2247 1213 2281 be·-

375 2322 454 2357 stiae
484 2332 529 2355 ex
546 2320 680 2355 Africa
708 2320 836 2355 accitae
866 2318 953 2354 telis
989 2316 1213 2362 sagittisque

375 2390 684 2427 conficiebantur.
732 2391 829 2424 Urso
850 2399 998 2433 quoque
1019 2387 1214 2429 objectum

376 2461 499 2496 fuisset
516 2460 710 2501 Saturum,
736 2458 775 2493 in
793 2458 897 2493 Actis
918 2456 1095 2503 legimus.
1130 2457 1212 2490 Hos

376 2530 531 2576 quidem
567 2528 606 2562 in
636 2528 768 2562 Africa
786 2527 933 2561 Plinius
957 2526 1133 2572 negavit:
1174 2528 1214 2560 at

375 2604 496 2647 poetae
528 2598 672 2633 habent
716 2598 934 2642 Libystidem
973 2608 1130 2637 ursam,
1175 2597 1214 2630 et

377 2671 523 2715 Libycos
555 2679 673 2703 ursos.-
732 2667 827 2701 Vide
858 2667 1015 2701 Salmas.
1049 2665 1215 2701 Plinian-

372 2737 613 2775 -Ex-c01·citat.'
645 2750 681 2783 p.
702 2736 782 2772 311.
819 2740 857 2772 et
891 2736 1135 2772 Holstcuium
1173 2733 1213 2770 in

1347 1308 1455 1345 Notis
1495 1307 1544 1343 ad
1573 1307 1668 1342 Acta
1704 1318 1740 1352 p.
1770 1307 1849 1342 174.
1898 1308 2021 1343 Raros
2060 1309 2188 1343 tamen

1350 1370 1436 1413 esse*
1461 1388 1568 1412 ursos
1599 1377 1730 1423 nigros
1757 1377 1797 1412 in
1831 1377 2024 1412 montibus
2047 1376 2189 1412 Africae

1350 1446 1667 1492 septentrionalis,
1679 1448 1813 1482 docent
1825 1447 2005 1492 Illigerus
2016 1446 2054 1481 in
2063 1440 2189 1481 iiber-

1349 1518 1457 1551 blick
1481 1518 1548 1551 der
1576 1516 1807 1561 saugtliiere
1835 1516 1934 1551 nach
1965 1515 2072 1550 ihrer
2092 1516 2188 1550 Ver-

1350 1585 1529 1631 theilung
1548 1586 1644 1625 fiber
1664 1586 1724 1619 die
1741 1585 1977 1628 Welttheile,
1998 1589 2035 1620 et
2049 1584 2188 1620 schre-

1348 1655 1420 1690 ber
1442 1653 1676 1701 Situgthiere
1704 1655 1774 1689 III.
1799 1667 1835 1700 Ρ.
1856 1654 1936 1690 505.

1280 1755 1317 1786 12
1340 1755 1664 1802 Martyrologium
1692 1755 1914 1792 Romanum
1954 1754 2002 1790 ad
2033 1756 2068 1791 V
2096 1756 2190 1792 Idus

1350 1827 1526 1861 Januarii
1555 1827 1693 1860 habet:
1737 1827 1782 1860 In
1811 1826 1941 1870 Africa
1968 1826 2004 1860 S.
2026 1826 2062 1861 S.
2083 1826 2189 1861 Mar·-

1350 1901 1469 1941 tyrum
1506 1895 1674 1940 Epicteti,
1714 1895 1879 1936 Jocundi,
1917 1895 2085 1936 Secundi,
2127 1894 2189 1930 Vn·-

1351 1967 1451 2008 talis,
1478 1965 1619 2006 Felicis,
1645 1967 1689 2006 et,
1712 1965 1863 1997 aliorum
1888 1967 2030 2008 septem.
2084 1963 2191 1998 Mar-

1351 2035 1590 2081 tyrologium
1641 2032 1682 2067 in
1732 2032 1978 2067 Bibliotheca
2030 2033 2190 2078 Reginae

1354 2103 1556 2138 Christinae
1581 2101 1686 2136 addit
1715 2105 1800 2146 post
1833 2102 1999 2136 Jocundi
2029 2113 2189 2138 nomen:

1357 2173 1485 2217 Quinti
1524 2183 1603 2206 cum
1643 2171 1727 2206 aliis
1761 2172 1904 2214 decem,
1948 2172 2012 2206 sed
2046 2172 2191 2208 omittit

1354 2242 1594 2283 Secundum,
1626 2241 1791 2275 vitalem
1823 2245 1860 2275 et
1878 2241 2071 2278 Felicem„
2107 2243 2190 2278 Hos

1354 2302 1549 2347 illos'esse
1578 2310 1769 2356 Martyres
1808 2314 1916 2356 putat
1952 2311 2189 2356 Holstenim,

1355 2393 1447 2428 quos
1470 2381 1507 2416 S.
1519 2380 1751 2424 Perpetuam
1781 2380 1820 2414 in
1852 2379 1998 2415 visione
2022 2382 2190 2427 paradisi

1359 2452 1501 2487 vidisse
1514 2450 1607 2484 Acta
1619 2452 1817 2492 testantur,
1842 2450 2013 2495 quamvis
2025 2451 2190 2496 Epicteti

1352 2532 1491 2557 nomen
1544 2519 1583 2554 in
1622 2520 1669 2554 iis
1721 2520 1861 2555 diserte
1908 2532 1983 2555 non
2024 2521 2187 2567 legatur.

1352 2589 1545 2627 Holstenii
1572 2589 1845 2625 Animadversa
1873 2590 1921 2624 ad
1953 2589 2187 2635 Martyrolo-

1354 2662 1462 2708 gium
1481 2661 1695 2695 Romanum
1708 2686 1717 2702 ‚
1744 2660 1781 2694 in
1807 2660 1864 2693 ed.
1884 2658 2074 2695 Passionis
2092 2658 2129 2696 S.
2148 2658 2185 2695 S.

1353 2716 1551 2777 Perpetua
1576 2718 1614 2766 et
1636 2729 1845 2769 Felicitatis
1878 2740 1913 2773 p.
1934 2727 2015 2764 253.
