2341 3340
1027 161 1092 206 85

103 298 211 352 suffit
235 297 376 339 Patres
391 293 580 361 Latinos.
625 296 729 338 Nam
744 296 992 349 Augustinus
1014 297 1166 338 fatetur
1195 299 1270 354 (de
1299 302 1428 341 doctr
1455 303 1683 349 Christiana
1713 309 1761 348 L.
1776 310 1826 350 ΙΙ.
1854 323 1889 351 c.
1910 309 2011 366 11..)

105 376 284 419 Latinae
339 380 502 431 linguae
546 376 737 416 hommes
789 375 849 415 ad
891 378 1216 430 scripturarum
1269 379 1517 422 divi'uarum
1564 388 1852 437 coguitionem
1906 404 2011 446 opus

105 455 261 497 habere
290 456 479 497 Hebraea
512 467 563 493 ac
592 454 777 500 G'raeca,
823 459 873 494 ut
911 454 971 494 ad
1012 458 1280 510 exemplaria
1311 461 1610 512 praecedentia
1651 473 1932 515 recurratur,
1973 471 2015 509 si

105 548 230 589 quam
265 534 577 573 dubitationem
608 533 813 571 attulerit
843 532 1103 573 Latinorum
1137 536 1428 589 interpretum
1462 542 1667 581 varietas.
1747 541 1816 581 Sic
1852 556 2012 595 quoque
2050 546 2052 548 ’

106 612 205 651 ibid.
235 623 270 650 c.
301 609 366 649 14.
422 612 698 663 Lz‘uguarum
729 612 930 658 illarum,
973 625 996 650 e
1031 612 1181 665 quibus
1220 615 1264 652 in
1298 597 1506 655 Latinam
1533 617 1768 671 Scriptura
1795 625 2028 674 pervem‘t‚'

100 686 337 743 petendam
380 703 470 729 esse
509 689 800 741 cognitionem
834 688 982 737 docet,
1028 692 1070 727 et
1107 702 1142 728 c.
1176 691 1261 739 16.,
1317 693 1447 733 libros
1485 696 1606 735 Novi
1642 697 1933 748 Testamenti,
1976 703 2018 741 si

104 767 208 820 quid
245 768 291 806 irz
319 766 495 807 Latinis
524 769 810 808 varietatibus
843 768 1025 815 titubat,
1067 770 1233 809 Graecis
1265 770 1417 810 cedere
1454 779 1679 826 oportere,
1723 774 1897 816 dubium
1928 792 2012 818 non

105 859 196 885 esse
232 845 452 885 contendit.
522 844 604 883 Sed
642 848 684 883 et
713 845 904 884 meliores
939 846 1146 885 versiones
1188 849 1455 889 consulendas
1500 862 1590 889 csse
1634 856 1786 890 censet.
1857 854 2015 895 Eodem

103 923 219 962 renim
247 924 404 975 capite:
451 925 496 963 in
527 924 642 962 hisce
670 925 986 964 sententiarum
1018 926 1304 966 varietatibus
1345 927 1656 969 dubitationem
1691 911 2015 983 dijudicandam

108 1006 201 1042 esse
229 1002 368 1041 statuit
398 1016 452 1041 ea·
484 1003 674 1042 aliarum
707 1003 934 1054 regionum
966 1002 1190 1049 codicibus,
1234 1004 1351 1044 unde
1388 1007 1483 1059 ipsa
1513 1006 1715 1047 doctriua
1748 1010 2015 1059 commeavit,

106 1079 186 1118 hoc
217 1083 298 1128 est,
339 1092 389 1118 ex
417 1079 628 1118 codicibus
659 1080 903 1128 versionum,
937 1091 1026 1129 quae
1055 1080 1098 1118 in
1125 1079 1240 1121 Italia
1267 1083 1388 1122 factae
1418 1087 1531 1131 sunt;
1569 1086 1719 1137 cogitat
1751 1100 1846 1127 vero
1875 1090 2017 1141 procul

107 1155 230 1197 dubio
259 1144 310 1196 de
331 1160 449 1199 Itala
482 1158 562 1206 illa,
594 1169 713 1207 quam
743 1170 989 1209 magnopere
1017 1161 1285 1210 commendat,
1314 1165 1360 1200 ut
1381 1163 1607 1202 verborum
1635 1167 1899 1206 tenaciorem
1922 1181 2017 1207 cum

104 1238 421 1292 perspicuitate
454 1238 698 1277 sententiae.
766 1235 915 1274 Procul
941 1249 1038 1275 vero
1071 1238 1201 1275 abfuit
1230 1239 1326 1288 quin
1356 1238 1427 1276 ille
1464 1240 1643 1278 omnium
1673 1242 1827 1291 primus
1863 1243 2018 1284 hancce

107 1315 337 1354 versionum
374 1317 607 1355 varietatem
647 1313 986 1352 animadverteret
1023 1314 1157 1364 deque
1197 1327 1244 1354 ea
1276 1315 1469 1363 doleret;
1524 1317 1671 1356 eodem
1714 1320 1822 1358 enim
1866 1322 2019 1370 seculo,

109 1404 188 1444 quo
223 1394 429 1433 versiones
461 1394 631 1440 Latinae,
675 1403 817 1442 eaeque
846 1391 1014 1441 reliquis
1045 1392 1156 1432 haud
1184 1391 1307 1432 dubie
1340 1395 1609 1445 antiquiores,
1651 1397 1694 1436 in
1726 1397 1868 1437 Africa
1895 1398 2018 1439 factae

109 1476 213 1520 sunt,
243 1471 517 1511 Tertullianus
549 1472 656 1509 illius
685 1471 750 1509 vel
777 1471 949 1519 illarum,
980 1472 1125 1520 quibus
1156 1484 1251 1511 usus
1280 1476 1354 1520 est,
1387 1473 1568 1513 aGraeca
1596 1476 1765 1514 veritate
1795 1476 2020 1517 dissensum

109 1552 274 1591 notavit.
337 1550 536 1601 Loquitur
567 1550 675 1588 enim
711 1549 764 1587 de
798 1550 967 1598 callida
1007 1555 1051 1590 et
1088 1552 1277 1605 simplici
1312 1553 1560 1599 eversione,
1601 1553 1660 1591 sic
1696 1556 2018 1605 paronomastice

114 1630 166 1668 de
189 1628 292 1669 mala
313 1629 511 1677 versione,
542 1641 619 1679 qua
645 1628 806 1667 vitiatus
836 1628 962 1666 fuerit
989 1629 1103 1667 locus
1136 1629 1160 1666 1
1178 1628 1270 1667 Cor.
1286 1628 1455 1669 V11.39.
1483 1627 1558 1683 (de
1587 1637 1814 1683 monogam.
1843 1646 1879 1673 c.
1898 1632 2018 1686 11.)5;

113 1706 295 1747 fortassis
341 1719 499 1757 quoque
544 1705 714 1743 eandem
754 1705 906 1743 indicat
947 1705 1012 1744 ad.
1049 1705 1257 1745 Praxeam.
1292 1718 1327 1743 c.
1354 1705 1393 1744 5.
1427 1707 1497 1745 ubi
1533 1708 1743 1748 Geneseos
1779 1711 1940 1751 initium
1968 1724 2020 1752 ex

114 1784 369 1837 quorundum
408 1783 608 1821 sententia
643 1783 702 1820 sic
736 1782 889 1820 habere
921 1783 1077 1821 refert:
1125 1786 1171 1822 z‘n
1198 1785 1419 1836 principio
1457 1787 1576 1825 Deus
1611 1788 1693 1826 sibi
1715 1790 1833 1838 fecit
1855 1791 2017 1842 filium.

113 1861 415 1902 Dissensionem
444 1858 639 1897 versionis
659 1857 814 1896 Latinae
844 1872 867 1897 a
894 1861 1007 1897 textu
1023 1857 1169 1898 Graeco
1200 1863 1313 1898 notat
1335 1872 1495 1911 quoque
1523 1863 1611 1902 adv.
1625 1863 1878 1904 Marcionem
1908 1866 1958 1905 11.
1979 1868 2020 1907 9.

113 1941 162 1982 V.
183 1940 244 1989 4.;
296 1937 407 1977 unde
446 1939 558 1988 patet
597 1947 690 1974 eum
723 1936 889 1975 Graecos
928 1938 1049 1977 etiam
1090 1938 1253 1978 codices
1300 1940 1351 1978 ad
1389 1953 1553 1980 manum
1591 1941 1795 1981 habuisse.
1868 1943 2021 1984 Malam

114 2031 236 2072 porro
265 2018 376 2056 illam
401 2015 628 2053 versionem
660 2026 696 2051 c.
725 2015 791 2052 11.
823 2014 874 2053 de
906 2028 1068 2069 monog.
1098 2021 1277 2057 notatam
1317 2017 1591 2057 Tertullianus
1628 2021 1674 2059 in
1712 2034 1832 2061 usum
1865 2024 2021 2063 exiisse

117 2099 184 2139 ait.
238 2095 420 2146 Recepta
448 2094 572 2145 igitur
602 2093 691 2144 ejus
722 2096 841 2132 aetate
866 2094 945 2133 fuit
971 2096 1014 2133 in
1036 2096 1209 2135 ecclesia
1221 2095 1557 2147 Carthaginiensi,
1574 2096 1683 2136 haud
1701 2100 1837 2137 tamen
1854 2100 2021 2151 reliquis

118 2175 368 2225 versionibus
402 2171 586 2211 exclusis.
643 2170 756 2209 Nihil
784 2171 911 2223 igitur
941 2173 1108 2222 mirum,
1152 2175 1187 2213 si
1214 2186 1296 2213 non
1329 2174 1407 2214 hac
1444 2174 1564 2214 unice
1591 2174 1777 2213 versione
1810 2176 2020 2216 doctorem

121 2252 265 2293 Afrum
300 2264 417 2290 usum
460 2262 569 2297 esse,
611 2248 684 2287 sed
716 2262 808 2288 eum
849 2249 987 2301 plures
1025 2263 1186 2302 quoque
1223 2252 1454 2300 versiones,
1495 2264 1593 2303 quas
1630 2253 1674 2292 in
1700 2253 1909 2294 codicibus
1937 2255 2021 2295 suis

121 2330 339 2383 reperiret,
373 2329 568 2367 excitasse
596 2328 860 2367 inveniamus.
913 2328 1033 2368 Haud
1063 2329 1171 2368 enim
1198 2342 1289 2368 raro
1320 2329 1430 2368 idem
1467 2330 1617 2370 dictum
1647 2331 1840 2371 biblicum
1875 2333 2020 2384 saepius

121 2409 280 2456 adfert,
319 2407 521 2446 interdum
558 2420 655 2446 vero
689 2406 856 2446 diversis
886 2407 1034 2446 verbis.
1111 2407 1355 2460 Ilujusmodi
1390 2409 1626 2448 variantium
1666 2409 1792 2450 multa
1837 2412 2021 2463 exempla

169 2592 187 2620 5
211 2592 400 2626 Semlerus
430 2592 469 2626 in
498 2594 700 2637 appendice
729 2595 1050 2629 observationum,
1192 2604 1273 2637 quae
1292 2603 1383 2627 vero
1405 2593 1617 2628 emendatio
1643 2593 1737 2628 viris
1770 2594 1888 2629 doctis
1916 2595 2019 2630 haud

233 2661 397 2695 *sostenii
426 2662 640 2707 Prolegom.
676 2675 712 2706 p.
741 2664 820 2699 588.
846 2665 1049 2710 legendum
1189 2661 1376 2706 placuisse
1421 2662 1584 2697 videtur.
1655 2663 1732 2697 Nec
1775 2662 1893 2704 video
1930 2664 2021 2709 quid

219 2733 343 2765 censet
359 2731 528 2765 callidam
551 2736 584 2765 ct
596 2731 786 2776 simplicem
805 2735 1024 2768 emersionem
1035 2745 1049 2774 ,-
1187 2731 1296 2773 juvet
1308 2731 1328 2765 ⁸?-
