2341 3340
1029 235 1128 280 165

131 377 175 418 id
201 377 309 429 quod
341 377 510 418 Pontius
547 376 737 429 Cypriani
776 375 969 415 diaconus
1000 376 1042 414 in
1077 376 1157 414 vita
1199 375 1287 427 ejus
1323 377 1524 428 expressis
1560 379 1692 419 verbis
1720 384 1903 423 testatur.
1958 385 2034 427 Ex

131 471 209 511 qno
226 486 240 505 ‚
285 457 441 506 inquit,
491 456 760 507 Carthagine
805 457 1080 508 episcopatus
1123 454 1229 494 ordo
1274 462 1560 505 numeratur,
1607 472 1823 512 nunqnam
1866 464 2033 516 aliquas,

128 537 320 588 quamvis
351 548 405 574 ea·
435 535 556 574 bonis
591 539 635 573 ec
663 533 981 581 sacerdotibus,
1023 533 1083 572 ad
1106 534 1353 587 passionem
1393 536 1563 575 venisse
1599 545 1900 587 memoratar5
1945 553 2034 592 quae

129 612 295 661 quidem
328 612 449 650 verba
482 623 708 662 quanquam
744 610 796 649 de
833 611 922 650 aliis
955 623 1115 662 quoque
1146 615 1297 664 praeter
1324 611 1550 664 Episcopos
1580 612 1931 667 Carthaginienses
1968 621 2030 659 in-

126 690 255 741 telligi
279 693 465 740 possunt,
505 689 675 728 clericos
704 692 841 728 tamen
868 690 987 728 unice
1016 690 1250 742 designare,
1288 690 1355 729 vel
1385 702 1436 728 ex
1468 702 1517 729 eo
1540 695 1664 742 patet,
1698 694 1805 742 quod
1827 696 2030 749 Martyres

127 765 327 806 Scillitani
372 770 492 818 atque
527 766 568 806 S.
602 766 644 806 S.
674 766 878 819 Perpetua
924 773 967 808 et
1002 768 1195 807 Felicitas
1237 780 1327 807 cum
1376 769 1497 807 sociis
1545 769 1693 819 aliique
1732 770 1899 812 dimidio
1940 775 2030 815 fere

125 845 265 884 seculo
304 849 396 884 ante
433 845 702 897 Cypriauum,
737 845 980 886 Tertulliani
1013 847 1201 885 nimirum
1232 850 1370 895 aetate,
1416 848 1608 898 martyrio
1643 851 1823 889 coronati
1851 850 2031 901 fuerunt,

126 922 268 973 Itaque
301 923 622 963 Christianorum
658 925 819 976 sanguis
853 925 896 963 in
933 924 1073 964 Africa
1105 929 1198 964 ante
1235 925 1480 977 Cyprianum
1517 926 1669 965 effusus
1708 931 1782 966 est.
1848 928 2031 971 Dubitari

123 1002 244 1041 unice
274 1002 425 1053 poterit
439 1029 456 1049 ,.
483 1014 616 1041 annon
646 1001 838 1054 Speratus
867 1003 1020 1054 primus
1047 1004 1090 1042 in
1120 1003 1368 1055 Martyribns
1400 1003 1621 1044 Scillitanis
1647 1005 1698 1044 ad
1727 1006 1881 1046 clerum
1910 1009 2031 1061 hujus

122 1082 263 1119 coetus
291 1081 546 1131 pertinuerit,
580 1093 702 1132 quum
731 1081 1015 1133 antesignanus
1044 1082 1293 1132 reliquorum
1327 1082 1452 1121 fuisse
1483 1083 1679 1123 videatur.
1745 1085 1863 1136 Quod
1890 1087 1924 1126 si
1956 1092 2030 1137 est,

120 1157 290 1198 Pontius
320 1158 408 1211 ejus
435 1158 545 1198 haud
576 1160 772 1199 meminit.
835 1160 891 1199 At
919 1161 1075 1199 incerta
1106 1163 1240 1200 tamen
1269 1165 1332 1201 est
1357 1161 1444 1200 res!

299 1238 339 1276 2.
404 1236 559 1277 Primas
600 1239 643 1277 in
683 1238 851 1287 Africa,
899 1242 944 1278 ut
983 1239 1135 1289 ubique
1185 1240 1398 1286 locorum,
1448 1237 1768 1279 adversariorum
1821 1243 2030 1294 religionis

119 1316 362 1357 Christianae
407 1320 542 1368 partes
585 1316 678 1356 tuiti
720 1319 815 1355 sunt
852 1317 1008 1357 chdoez'.
1100 1316 1188 1355 Hos
1240 1316 1515 1355 Tertullianus
1559 1316 1755 1358 describit
1798 1320 2028 1375 dispersos,

117 1396 400 1451 palabundos,
434 1401 478 1435 et
507 1396 618 1434 coeli
644 1399 689 1434 et
719 1396 806 1434 soli
828 1396 900 1435 sm·
926 1400 1138 1443 extorres,
1170 1401 1385 1448 vagantes
1414 1409 1497 1449 per
1527 1396 1682 1445 orbem,
1719 1399 1814 1438 sine
1844 1399 2028 1448 homine,

117 1477 215 1516 sine
242 1476 334 1515 Deo
366 1487 483 1526 rege,
523 1474 673 1527 quibus
698 1487 777 1513 nec
806 1474 1073 1514 advenarum
1095 1474 1203 1527 jure
1234 1480 1400 1514 terram
1428 1475 1620 1528 patriam
1651 1477 1806 1516 saltem
1845 1479 2028 1531 vestigio

117 1555 315 1594 salutare
355 1552 619 1592 concedatur
633 1552 664 1590 2.
738 1551 930 1591 Attamen
975 1564 1046 1591 eos
1090 1551 1333 1603 Carthagine
1377 1552 1545 1603 aliisque
1584 1553 1628 1591 in
1663 1553 1816 1593 Africae
1862 1556 2029 1596 urbibus

116 1630 227 1670 haud
259 1631 403 1681 exiguo
433 1642 602 1668 numero
638 1616 834 1678 extitisse,
873 1630 938 1669 vel
969 1642 1018 1668 ex
1049 1642 1098 1668 eo
1123 1630 1317 1682 colligere
1348 1630 1471 1677 licet,
1513 1630 1621 1680 quod
1652 1636 1694 1671 et
1726 1631 2029 1673 Tertullianus3

117 1713 161 1749 et
189 1707 410 1760 Cyprianus
440 1708 629 1747 adversus
660 1720 731 1747 eos
761 1709 887 1747 libros
917 1708 1146 1747 ediderunt.
1202 1708 1258 1747 Et
1288 1721 1410 1759 quum
1439 1711 1481 1750 in
1513 1709 1601 1760 ipso
1633 1709 1832 1749 Talmude
1861 1711 2029 1752 Cartha-

118 1786 222 1840 ginis
253 1787 324 1826 fiat
351 1788 504 1826 mentio
522 1815 533 1835 ,
574 1791 729 1826 certum
759 1790 821 1825 est
850 1786 1015 1825 Judaeos
1043 1788 1100 1826 ibi
1138 1787 1256 1826 sedes
1285 1788 1446 1836 fixisse,
1484 1787 1733 1827 Talmudicis
1765 1790 2028 1842 scriptoribus

113 1865 232 1905 unice
269 1865 320 1903 de
358 1866 408 1904 iis
438 1866 673 1917 regionibus
715 1868 835 1915 atque
866 1865 1033 1903 urbibus
1064 1865 1346 1914 loquentibus,
1393 1867 1435 1904 in
1478 1866 1624 1916 quibus
1660 1866 1793 1906 Judaei
1832 1870 2028 1908 consiste·

113 1943 266 1997 -bantfb
303 1943 412 1982 unde
454 1956 615 1995 quoque
651 1943 802 1983 factum
834 1949 920 1992 est,
959 1946 1003 1981 ut
1033 1943 1284 1995 singulorum
1317 1943 1596 1984 Rabbinorum
1633 1944 2027 1998 Carthaginiensium

255 1972 266 1992 9

114 2022 276 2061 nomina
299 2022 343 2060 in
373 2022 572 2062 'I'almude
604 2021 857 2062 occurrant5.
919 2021 1085 2062 Judaeos
1116 2034 1216 2061 vero
1244 2023 1384 2074 quinto
1420 2023 1559 2062 seculo
1592 2023 1637 2063 in
1664 2023 1805 2063 Africa
1832 2018 2027 2074 extitisse,

161 2176 179 2205 2
204 2176 399 2221 Apologet.
427 2188 456 2210 c.
481 2176 537 2210 21.
1145 2175 1162 2204 5
1186 2178 1229 2212 In
1242 2177 1430 2212 Talmude
1441 2178 1630 2224 Babylon.
1649 2179 2025 2214 tractat.Berachoth

161 2247 179 2276 3
204 2244 244 2279 Si
271 2246 380 2280 modo
419 2245 518 2279 liber
553 2246 636 2281 adv.
673 2247 823 2282 Judaeos
863 2247 1048 2292 Septimio
1191 2248 1257 2281 sol.
1272 2247 1328 2282 29.
1342 2258 1373 2282 a.
1396 2248 1540 2294 legitur
1563 2259 1699 2282 nomen
1721 2248 1850 2282 Rabbi
1872 2249 2025 2285 Iischak

209 2312 336 2349 nostro
378 2315 602 2351 tribuendus
645 2320 711 2351 cst.
769 2317 894 2351 Multa
932 2317 1047 2359 enim,
1191 2317 1527 2363 Carthaginiensis.
1577 2319 1620 2352 In
1648 2319 1791 2354 eodem.
1815 2322 1921 2353 tract.
1944 2318 2026 2352 Me-

206 2388 250 2420 ut
271 2384 463 2419 semlerus
492 2386 652 2429 monuit,
676 2399 719 2421 ex
738 2387 837 2420 libro
860 2387 930 2421 ΙΙΙ.
962 2388 1046 2421 adv.
1190 2388 1357 2422 nachoth
1377 2413 1387 2430 ‚
1424 2388 1491 2422 fol.
1515 2387 1593 2422 110.
1621 2399 1653 2422 a.
1701 2388 1784 2422 Aba
1827 2388 1904 2422 Bar
1940 2388 2025 2422 Rab

209 2454 444 2489 Marcionem
465 2455 601 2490 hausta
628 2460 725 2491 sunt.
773 2457 848 2490 Pro
870 2457 1047 2502 genuino,
1190 2457 1354 2492 Iischak.
1417 2457 1475 2491 cf.
1507 2461 1690 2501 praeterea
1718 2457 1848 2491 Wolfii
1879 2457 2026 2492 Biblio-

207 2526 272 2559 scd
306 2536 377 2558 non
411 2524 457 2557 atl
485 2525 710 2559 umbilicum
739 2527 923 2569 deducto,
951 2527 1049 2560 Ter-
1191 2526 1343 2561 thecam
1367 2526 1598 2560 Hebraicam
1620 2527 1702 2561 Vol.
1724 2526 1773 2560 11.
1795 2526 1833 2560 in
1845 2527 2025 2572 Catalogo

213 2593 366 2628 tulliani
392 2593 570 2638 opusculo
591 2593 706 2627 habet
719 2596 902 2630 Neander.
921 2595 1048 2641 p.511.
1191 2597 1398 2630 Doctorum
1438 2597 1727 2631 Gemaricorum
1760 2596 2026 2630 Rubbinorum

164 2676 181 2704 4
206 2677 249 2712 In
273 2678 449 2713 Talmud.
471 2678 661 2713 Hierosol.
681 2683 829 2714 tractat.
848 2681 1050 2716 Schebiith
1193 2663 1567 2709 carthaginiensmm
1581 2665 1746 2707 nomina’
1768 2676 1847 2710 ‘1¹¹ae
1866 2665 2025 2710 reperiri

204 2747 270 2781 fol.
309 2746 366 2782 36.
412 2751 449 2784 et
492 2751 599 2784 tract.
635 2748 852 2784 Kedoschin
895 2750 962 2785 fol.
993 2749 1052 2784 61.
1190 2736 1406 2780 P⁰tue¹⁸¹¹¹¹t²
1432 2735 1647 2772 exhibente·

210 2815 280 2851 col·
305 2815 339 2850 3.
