2341 3340
1041 113 1106 159 15

882 250 933 306 C
955 248 1010 305 A
1027 250 1100 307 P.
1187 251 1264 309 V.

315 349 588 395 NUMERUS
646 347 1115 390 CHRISTIANORUM
1171 350 1554 392 TERTULLIANI
1608 353 1827 396 AETATE.

116 525 153 565 1.
209 492 313 564 Ad
353 521 651 560 Tertullianum
690 532 819 571 usque
860 508 1010 558 omnia*
1031 523 1123 558 sunt
1168 521 1351 561 obscura.
1427 522 1528 576 Ejus
1577 535 1674 564 vero
1719 528 1837 565 aetate
1881 539 2022 570 versus

114 604 265 642 exitum
292 600 418 639 seculi
446 599 495 639 ΙΙ.
519 603 560 637 et
588 600 726 647 seculo
756 599 825 638 ΙΙΙ.
856 600 1022 638 ineunte
1039 599 1236 638 Ecclesiae
1255 600 1598 653 Carthaginiensis
1627 607 1773 642 statum
1797 605 2023 648 invenimus

112 681 338 728 florentem,
370 682 412 717 et
440 677 634 726 Africam,
661 678 845 729 inprimis
874 678 1225 726 Proconsularem,
1271 678 1512 719 Christianis
1548 682 1720 733 plenam.
1779 683 1898 732 Quod
1935 686 2023 736 qui-

113 759 205 798 dem
227 757 338 797 haud
366 743 618 804 subit0,'sed
648 758 797 796 sensim
827 758 1072 808 sensimque,
1104 770 1125 796 a
1154 757 1295 808 primis
1315 759 1376 797 rei
1393 758 1635 798 Christianae
1667 760 1710 799 in
1739 759 1877 800 Africa
1897 763 2022 803 initiis

110 836 263 877 factum
286 849 388 884 esse,
421 849 713 887 numerumque
743 836 1066 875 Christianorum
1094 835 1205 875 lento
1235 849 1465 889 progressu,
1495 838 1567 876 illo
1593 838 1700 889 quod
1727 838 2023 881 Tertullianum

110 915 318 967 praecessit
337 915 488 963 seculo,
509 916 697 963 crevisse,
717 927 798 953 non
816 919 877 953 est
897 928 969 954 cur
983 914 1245 967 ambigamus.
1302 915 1469 957 Diversa
1487 928 1582 956 vero
1599 916 1678 957 fuit
1688 916 2022 970 Christianorum,

112 1005 203 1032 cum
228 994 421 1042 nationis,
463 997 550 1033 tum
583 994 827 1033 conditionis
855 995 972 1033 ratio.

178 1069 181 1070 ⁷
286 1071 327 1109 2.
384 1072 450 1111 Ad
471 1073 645 1124 primum
667 1073 831 1124 quidem
858 1073 966 1123 quod
998 1073 1155 1121 attinet,
1183 1076 1267 1113 tres
1295 1073 1474 1113 diversos
1495 1075 1666 1126 populos
1686 1075 1808 1114 hasce
1831 1077 2021 1129 regiones

109 1150 326 1190 incoluisse
358 1154 527 1190 constat.
596 1153 818 1192 Romanos
851 1152 1041 1190 nimirum
1072 1164 1210 1190 rerum
1238 1151 1452 1199 dominos,
1496 1153 1566 1202 qui
1596 1156 1689 1203 post
1717 1165 1896 1212 eversam
1925 1155 2022 1194 Car-

109 1228 317 1280 thaginem
339 1229 532 1269 Punicam
566 1231 684 1269 sedes
713 1230 886 1269 fixerant
918 1229 961 1267 in
988 1228 1168 1267 Coloniis
1204 1232 1325 1280 atque
1360 1229 1617 1280 Municipiis,
1653 1241 1742 1269 v.c.
1776 1231 2021 1284 Carthagine

109 1306 311 1355 Romana,
354 1308 495 1356 Utica,
536 1308 809 1356 Hadrumeto,
846 1308 1037 1359 Hippone
1072 1306 1201 1345 libera
1233 1308 1415 1358 aliisque.
1484 1308 1673 1356 Poenos,
1710 1321 1811 1359 quos
1841 1316 2022 1350 veterem

110 1397 339 1425 sermonem
362 1386 562 1425 Punicum
591 1400 684 1426 cum
715 1387 893 1426 Hebroeo
919 1386 1010 1425 fere
1038 1385 1337 1437 conspirantem
1365 1398 1492 1438 usque
1519 1386 1569 1425 ad
1600 1387 1817 1440 Augustini
1848 1392 1889 1426 et
1916 1388 2023 1428 Van-

112 1463 293 1502 dalorum
315 1467 475 1504 aetatem
502 1479 695 1514 servasse,
729 1470 854 1504 testes
882 1468 975 1504 sunt
992 1464 1256 1516 Augustinus,
1283 1464 1570 1517 Hieronymus,
1598 1465 1828 1505 Priscianus
1853 1470 1894 1506 et
1922 1467 2024 1506 Pro-

112 1543 251 1594 copius
270 1542 301 1581 ¹.
371 1545 530 1583 Horum
569 1545 733 1596 quidem
773 1545 1007 1584 Poenorum
1040 1543 1213 1582 maxima
1251 1555 1344 1594 pars
1382 1556 1477 1582 rure
1516 1544 1717 1597 degebat3
1762 1549 1939 1601 attamen
1980 1546 2024 1584 in

110 1620 278 1660 urbibus
308 1634 468 1673 quoque
506 1636 576 1661 eos
611 1624 842 1670 habitasse,
886 1622 998 1660 haud
1028 1634 1156 1672 pauca
1193 1625 1331 1660 extant
1356 1622 1601 1661 testimonia.
1669 1623 1802 1662 Multa
1841 1625 1950 1662 enim
1979 1625 2022 1663 in

111 1698 326 1748 provinciis
361 1700 526 1751 oppida,
563 1700 707 1739 incolis
742 1700 851 1739 haud
876 1699 1059 1745 mutatis,
1097 1697 1356 1738 Coloniarum
1388 1700 1506 1738 titulo
1543 1702 1659 1738 aucta
1687 1700 1814 1739 fuisse
1843 1705 2021 1741 constat:

133 1898 135 1900 ·
157 1879 172 1906 1
198 1860 400 1927 Augustini
420 1887 550 1918 contra
569 1883 715 1917 litteras
727 1883 907 1917 Petiliani
920 1883 961 1918 L.
979 1883 1029 1918 ΙΙ.
1174 1880 1259 1916 licis
1285 1881 1389 1915 Libr.
1410 1881 1459 1916 II.
1490 1894 1522 1920 c,
1539 1883 1597 1918 10.
1649 1884 1787 1919 Refert
1800 1885 2022 1930 Inscriptio-

204 1952 326 1988 (3.104.
377 1955 418 1988 In
441 1954 655 1987 ,Iohannem
676 1954 808 1988 L.XV.
829 1952 1031 1997 Quaestion.

203 2032 283 2065 sup.
318 2023 444 2057 Judic.
475 2024 536 2057 VI.
563 2022 618 2058 16.
657 2027 693 2056 et
722 2023 760 2056 in
790 2022 951 2066 Epistol.
987 2010 1035 2056 ad

205 2091 364 2126 Roman.
387 2092 507 2127 initio.
555 2093 815 2138 Hieronymus
835 2091 870 2125 in
883 2091 1036 2125 Esaiam

203 2160 244 2193 L.
262 2161 333 2196 III.
355 2162 389 2198 7.
419 2161 456 2195 in
481 2162 689 2196 Jeremiam
712 2163 754 2195 V.
777 2160 835 2197 25.
861 2160 973 2195 Praef.
998 2160 1037 2194 in

204 2229 322 2273 Epist.
357 2233 405 2266 ad
445 2233 609 2266 Galatas

207 2298 449 2335 Benennann
470 2302 515 2335 ‹le
528 2300 763 2334 Phoenicum
778 2303 813 2333 et
825 2299 1040 2333 Poenorum

204 2367 517 2411 Inscriptionibus
546 2368 737 2414 (Ber-oliui
771 2368 897 2413 1810.)
941 2380 974 2413 p.
1003 2367 1038 2403 5.

209 2437 362 2471 Gesenii
402 2439 630 2473 Geschichte
675 2439 742 2473 der
785 2437 1039 2472 hebrfiischen

210 2506 378 2550 Sprache
412 2507 486 2540 und
517 2507 664 2541 schrift
683 2533 692 2549 ,
737 2519 772 2552 p.
800 2506 856 2541 16.
888 2511 924 2540 et
954 2505 1035 2540 223.

209 2575 356 2608 Incolas
387 2574 622 2610 Phoenicum
649 2576 782 2622 lingua
816 2587 882 2610 sua
916 2576 1041 2610 adhuc

674 2230 889 2265 Priscianus
921 2229 964 2265 L.
990 2230 1034 2264 V.

208 2647 315 2678 aetate
334 2654 419 2679 usos
449 2644 568 2679 tradit
600 2643 806 2690 Procopius
835 2645 874 2680 in
893 2645 1042 2680 Vanda-

1173 1962 1262 1984 nem
1312 1951 1496 1986 Punicam
1545 1954 1708 1987 duarum
1759 1955 2023 1990 columnarum

1177 2032 1294 2065 prope
1338 2020 1489 2065 Tigisin
1534 2022 1722 2056 Numidiae
1769 2023 1816 2056 ad
1853 2023 2019 2058 fontem:

1172 2088 1282 2135 ἹΙμεῖς
1322 2092 1414 2134 ἔσμεν
1457 2093 1489 2124 οἱ
1537 2089 1692 2135 ᾳιι;’όιτες
1731 2088 1795 2125 tino
1842 2091 2022 2138 προσώπου

1176 2155 1287 2203 'Inous’
1332 2158 1391 2192 τοῦ
1426 2159 1525 2205 λῃςοῦ
1568 2160 1641 2194 υἱοῦ
1677 2161 1778 2204 Ναυῆ
1800 2187 1810 2205 ,
1861 2161 1906 2194 de
1948 2173 2023 2206 qua

1182 2229 1322 2262 confer.
1354 2227 1408 2261 Io.
1439 2227 1578 2262 Christ.
1603 2228 1837 2263 Leuschneri
1857 2229 2015 2266 Dissert.

1180 2309 1294 2342 super
1315 2297 1493 2340 Procopii
1515 2298 1730 2332 testimonio
1757 2298 1802 2331 de
1835 2299 2020 2334 columnis

1184 2366 1399 2412 Tingitanis
1420 2366 1530 2399 valde
1553 2367 1769 2410 probabili,
1807 2369 1853 2401 ad
1878 2369 2020 2403 calcem

1181 2436 1394 2482 opusculor.
1421 2435 1617 2469 variorum
1651 2436 1698 2469 de
1732 2441 1833 2470 secta
1861 2437 2020 2481 Elpisti-

1182 2518 1315 2539 corum
1353 2504 1401 2538 ab
1434 2505 1567 2539 eodem
1603 2508 1756 2540 auctore
1787 2506 1890 2551 Lips.
1915 2506 2017 2541 1755.

1183 2574 1384 2609 editorum.
