2341 3340
1221 107 1287 154 46

291 254 625 312 peremtorium:
675 253 884 307 Pontifex
919 253 1083 294 scilicet
1126 252 1366 298 maximus,
1413 249 1656 304 Episcopus
1697 247 2044 302 Epszoporum,
2082 245 2213 288 dicit.-

293 346 374 388 ego
413 337 459 373 et
487 333 692 373 moechioe
720 337 765 372 et
791 333 1113 385 fornicationis
1148 330 1308 370 delicta
1336 329 1616 384 poenitentia
1642 329 1817 380 functis
1853 327 2040 367 dimitto.
2113 325 2215 376 Quae

294 410 461 463 quidem
488 410 709 459 PameHus,
738 410 923 449 eruditus
942 409 1186 448 Tertulliani
1201 408 1349 455 editor,
1378 406 1649 458 adstipulante
1665 405 1931 454 Bcehmero7‚
1961 404 2014 443 de
2029 404 2216 444 Romano

292 489 499 543 Episcopo
527 490 732 542 intelligit,
760 490 875 542 cujus
898 494 1035 529 tamen
1064 488 1177 528 nulla
1203 487 1248 525 in
1264 486 1500 525 Africanam
1518 485 1746 524 Ecclesiam
1770 485 1901 524 fuisse
1922 484 2019 536 jura
2046 485 2217 523 constat.

292 568 477 618 Rectius,
507 571 554 608 ut
581 569 684 608 mihi
707 569 871 620 quidem
890 569 1066 617 videtur⁷
1097 567 1165 606 alii
1196 566 1350 605 ironire
1380 567 1422 604 et
1450 577 1525 617 per
1555 577 1803 604 sarcarmum
1832 565 1940 604 dicta
1961 565 2143 604 statuunt
2165 561 2218 601 de

294 648 491 689 Africano
514 649 649 701 aliquo
661 649 915 702 Episcopossz
945 660 1022 687 nec
1043 647 1167 686 facile
1199 646 1300 684 alius
1320 645 1401 683 hoc
1418 634 1633 698 Episcopi
1647 645 1968 698 Episcoporzcm
1997 646 2219 682 scommate

295 727 339 767 in
354 727 495 768 Africa
526 729 653 781 pungi
681 730 815 781 potuit
831 741 951 780 quam
971 723 1354 778 Carthaginiensis9.
1414 722 1498 761 Sed
1529 723 1618 774 quis
1647 722 1717 761 hic
1742 722 1882 772 fuerit,
1913 726 2050 762 utrum
2072 721 2220 775 Agrip-

295 808 431 859 pinus,
470 807 505 848 si
522 809 558 847 is
588 808 639 847 ad
668 820 818 847 annum
844 808 939 846 216.
970 818 1051 857 quo
1075 818 1125 845 ex
1148 804 1335 844 Schiitzii
1365 805 1487 854 atque
1505 801 1685 841 Niisselti
1713 802 1915 841 sententia
1944 800 2222 840 Tertullianus

295 884 448 925 librum
476 885 531 926 de
550 878 749 939 pudicitia
775 885 995 937 scripsitw,
1023 885 1146 922 vitam
1175 882 1386 934 protraxit,
1415 893 1466 920 an
1493 874 1707 920 successor
1735 882 1839 934 ejus,
1875 880 2038 921 definiri
2066 879 2222 932 nequit.

296 962 443 1016 Neque
471 964 523 1004 de
540 965 628 1017 ipsa
653 978 702 1004 re
720 964 910 1017 judicare
927 964 1047 1012 licet3
1086 974 1183 1002 nam
1201 959 1517 1007 Tertullianum,
1548 971 1672 1009 quum
1701 960 1753 998 de
1785 960 1984 1012 pudicitia
2011 959 2225 1008 scriberet,

297 1041 486 1083 Montani
501 1044 649 1095 placita
675 1044 904 1095 amplexum
927 1042 1057 1081 fuisse
1086 1043 1264 1088 constat3
1295 1038 1407 1079 unde
1434 1038 1605 1087 factum,
1633 1041 1679 1077 ut
1707 1038 1929 1078 incitatiori
1951 1042 2060 1097 esset
2080 1039 2223 1078 'animo

347 1176 365 1221 7
389 1175 548 1211 Dissert.
568 1176 674 1210 Juris
694 1177 838 1211 Eccles,
862 1190 898 1222 p,
912 1177 970 1212 24,
1006 1177 1069 1212 Sic
1091 1186 1241 1221 quoque
1382 1170 1617 1206 Procedente
1643 1173 1816 1215 tempore
1841 1171 1976 1206 codem
1997 1171 2109 1206 titulo
2128 1172 2224 1207 alios

394 1244 496 1280 inter
537 1246 768 1280 recentiores
811 1247 1008 1290 Neander,
1053 1247 1243 1282 Kirchen-

396 1316 619 1362 geschichte
641 1316 672 1352 I.
705 1329 741 1362 p.
770 1317 851 1352 340.
901 1318 1138 1360 Brennerus,
1172 1318 1241 1352 ka-

396 1386 589 1421 tholisehe
620 1387 830 1432 Dogmatik
855 1388 885 1423 I.
912 1401 948 1433 Ρ.
968 1388 1048 1423 181.
1081 1393 1118 1422 et
1147 1388 1241 1422 Bin-

397 1456 514 1491 terim
557 1457 619 1491 die
647 1457 818 1503 vorziigl.
847 1458 1242 1503 Denkwiirdigkciten

399 1525 467 1561 der
483 1527 872 1562 christkatholisehen
884 1528 1028 1562 Kirchc
1047 1528 1116 1562 III.
1137 1540 1171 1572 p.
1183 1527 1242 1562 90.

395 1597 526 1631 Habet
547 1597 578 1631 is
600 1598 825 1634 lectionem:
861 1600 1094 1643 Zephyrinus,
1116 1599 1243 1631 Ponti-

394 1669 464 1711 fex·
477 1669 671 1709 Maximus,
691 1664 887 1712 Episcopus
900 1668 1164 1711 Episcoporam,
1187 1667 1244 1699 ‹lc-

398 1738 458 1771 cz't.
497 1737 631 1771 Nescio
654 1737 693 1771 in
721 1748 795 1781 qua
819 1736 1053 1771 Tertulliani
1077 1735 1245 1770 editione

400 1808 476 1841 hoc
496 1807 706 1852 Zephyrini
723 1818 861 1841 nomen
879 1806 1082 1840 invenerit.

407 1922 471 1958 Sic
514 1922 713 1958 Juvenalis
749 1922 847 1956 illud
888 1922 966 1957 Sat.
995 1922 1059 1956 IV.
1093 1920 1150 1956 45.
1188 1919 1246 1957 46.

402 1994 574 2028 Destinat
609 1994 676 2027 hoc
711 1997 906 2026 monstrum
949 1993 1078 2038 cymbae
1114 1992 1247 2036 linique

403 2064 583 2109 magister
594 2064 769 2106 Pontifici
779 2074 924 2104 sumum,
945 2062 1088 2096 ironice
1102 2062 1248 2096 dietum

404 2136 470 2168 est.
519 2132 605 2167 Vid.
625 2132 800 2167 Crameri
820 2133 860 2166 in
881 2132 1080 2166 Juvenalis
1103 2131 1249 2166 Satiras

405 2202 671 2238 commentarii
706 2202 848 2237 vetusti
884 2214 971 2248 pag.
1003 2202 1083 2236 129.
1144 2201 1250 2236 Huic

405 2273 599 2309 sententiae
618 2274 752 2307 favere
774 2272 931 2306 videtur
952 2271 1134 2317 Cypriani
1154 2271 1251 2305 illud

407 2345 448 2379 in
473 2343 643 2378 Concilio
666 2341 995 2387 Carthaginiensi:
1021 2353 1134 2385 neque
1159 2341 1251 2375 enim

407 2414 594 2459 quisquam
608 2416 768 2445 nostrum
781 2410 1126 2455 (stEpiscopol-um
1138 2411 1252 2445 Afro-

407 2484 515 2529 rum)
540 2494 578 2517 se
599 2483 813 2528 Episcopum
834 2483 1089 2527 Episcoporum
1120 2481 1252 2515 consti—

407 2555 489 2590 tuit.

362 2647 380 2692 ξ)
404 2647 559 2682 Mecum
582 2645 880 2680 consentientem
901 2645 1026 2680 habeo
1039 2644 1081 2679 P.
1095 2643 1252 2679 Auixl).

409 2718 455 2751 de
487 2715 722 2751 Tertulliani
755 2716 837 2751 vila
872 2719 910 2750 et
949 2714 1098 2760 scriptis
1136 2727 1170 2760 p.
1195 2714 1252 2749 71.

1382 1253 1533 1286 quoque
1556 1241 1739 1276 salutatos
1760 1241 1880 1276 fuisse
1892 1242 2111 1288 Episcopos,
2133 1242 2227 1279 licet

1383 1311 1508 1347 rarius
1528 1337 1539 1354 ,
1579 1310 1755 1356 ipsosque
1793 1313 2072 1357 Imperatores,
2117 1313 2228 1347 docet

1383 1383 1520 1418 Routh
1542 1382 1628 1416 Rel.
1650 1381 1754 1416 Sacr.
1775 1382 1844 1417 III.
1865 1395 1901 1427 p.
1920 1383 2000 1418 153.
2046 1384 2228 1418 Ceterum

1384 1453 1591 1497 Episcopos
1615 1452 1948 1498 Carthaginienses
1978 1453 2084 1488 bonos
2099 1458 2229 1498 pasto-

1385 1535 1442 1558 res
1468 1528 1503 1558 et
1527 1523 1727 1557 benedictos
1759 1524 1886 1567 Papus
1913 1527 2067 1557 vocatos
2094 1522 2227 1565 fuisse,

1385 1596 1492 1637 patet
1520 1605 1564 1626 ex
1591 1593 1674 1626 loco
1702 1593 1935 1627 Tertulliani
1964 1593 2010 1626 de
2041 1592 2230 1637 pudicitia

1387 1662 1486 1696 c.13.
1523 1663 1609 1706 Ipse
1624 1661 1837 1706 Cyprianus
1859 1663 2047 1697 salutatur
2067 1663 2172 1708 Papa
2189 1663 2230 1698 in

1387 1732 1548 1776 epistola
1569 1731 1673 1764 Cleri
1690 1732 1856 1767 Romani
1875 1732 1908 1767 8.
1925 1731 1982 1766 23.
2001 1731 2059 1768 31.
2079 1731 2137 1768 36.
2156 1744 2230 1777 quo

1387 1812 1479 1834 vero
1500 1800 1652 1833 nomine
1673 1801 2126 1846 quemlibetEpiscopum
2136 1803 2230 1838 olim

1390 1869 1623 1914 appellatum
1657 1869 1777 1903 fuisse
1812 1874 1966 1905 constat.
1997 1883 2034 1907 v.
2056 1872 2231 1920 Bingha-

1391 1952 1498 1975 mum
1518 1940 1548 1975 I.
1569 1938 1675 1984 p,76.
1725 1940 1948 1985 Complures
1977 1943 2089 1977 verbi
2118 1954 2232 1980 causa

1391 2014 1520 2046 extant
1531 2010 1710 2055 Epistolae
1729 2010 2025 2056 Hieronymivad
2048 2013 2233 2059 Augusti-

1389 2094 1482 2117 num
1491 2080 1788 2125 Hipponemem,
1803 2092 1916 2125 quem
1926 2093 2075 2126 semper
2087 2083 2233 2128 Papam

1390 2155 1513 2187 vocat.
1562 2150 1729 2185 Accessit
1746 2150 1882 2184 deinde
1904 2152 2050 2187 sec.v1.
2084 2154 2234 2198 Aposto-

1393 2223 1472 2256 licae
1502 2221 1700 2267 dignitatis
1742 2225 1778 2255 et
1814 2221 2046 2265 Apostolatus
2073 2233 2231 2266 nomen,

1394 2303 1465 2338 quo
1490 2290 1732 2326 Bonisacium
1742 2290 1865 2334 Episc.
1880 2291 2234 2337 Carthaginiensem

1394 2363 1602 2397 salutatum
1629 2360 1796 2405 legimus
1824 2371 1919 2395 anno
1937 2360 2017 2396 525.
2044 2361 2233 2397 Thomas-

1394 2432 1452 2467 sin
1476 2432 1505 2466 I.
1526 2432 1558 2466 1.
1583 2443 1613 2466 c.
1636 2433 1670 2465 4.

1324 2501 1359 2530 10
1384 2503 1428 2537 In
1451 2501 1679 2536 Praefatione
1701 2501 1816 2536 Tomi
1842 2503 1886 2537 V.
1917 2501 2092 2535 editionis
2124 2500 2232 2535 Sem-

1393 2572 1548 2608 lcrianae
1570 2584 1605 2616 p.
1627 2571 1661 2605 7.
1685 2575 1723 2606 ct
1753 2572 1917 2607 Nosselti
1941 2571 2233 2606 Dissertationes

1397 2643 1443 2676 de
1464 2653 1555 2676 vera
1587 2645 1694 2676 aetate
1728 2641 1957 2687 scriptorum
1989 2640 2232 2677 Tertulliani.

1397 2713 1553 2748 Dissert.
1579 2712 1651 2747 ΙΙΙ.
1681 2724 1716 2758 p.
1743 2713 1800 2748 24.
