2341 3340
1220 102 1286 149 38

282 244 478 286 castitatis
507 255 542 283 c.
564 243 605 284 ¹7.
641 242 785 284 docet:
828 244 903 285 ubi
929 249 1021 286 tres
1062 241 1235 299 (Matth.
1269 242 1415 285 XVIII.
1445 240 1537 297 20.)
1579 243 1781 285 Ecclesia
1817 249 1914 291 est,
1953 244 2054 285 licet
2083 245 2188 286 laici
2197 260 2213 293 ,-

282 324 573 378 unusquisque
612 324 727 364 enim
766 323 820 363 de
856 337 938 364 sua
963 324 1059 378 fide
1093 325 1202 364 vivit
1226 352 1237 371 ‚
1291 337 1371 363 nec
1413 328 1479 363 est
1522 336 1813 378 personarum
1857 325 2049 377 acceptio
2090 325 2213 379 apud

280 404 454 460 Deum3
501 404 603 458 quia
640 415 729 443 non
761 402 984 444 auditores
1017 403 1131 456 legis
1160 403 1556 456 justificabuntur,
1601 402 1679 442 sed
1695 404 1900 455 factores
1916 431 1928 450 ,
1972 403 2212 444 secundum

280 482 394 536 quod
425 487 470 523 et
498 483 736 536 Apostolus
760 482 880 522 dicit.
948 481 1004 520 Et
1032 483 1217 533 proxime
1249 481 1588 521 antecedentibus
1618 481 1774 521 verbis:
1818 483 1893 522 nbi
1928 483 2215 522 ecclesiastici

267 561 453 603 ,ordinis
482 575 572 602 non
599 566 666 601 est
695 575 937 608 consessus,
969 567 1013 601 et
1044 562 1176 615 offers
1210 569 1254 601 et
1281 562 1450 614 tinguis
1482 566 1526 601 et
1555 561 1759 601 sacerdos
1792 574 1837 601 es
1869 562 1949 601 tibi
1967 563 2110 602 solus:
2151 567 2210 609 et,

283 653 431 681 nonne
466 646 512 682 et
547 641 653 681 laici
691 641 941 682 sacerdotes
977 642 1159 681 sumus?
1196 637 1317 693 (ibid.
1341 643 1535 692 respectu
1567 639 1708 678 habito
1741 639 1912 692 Apocol.
1942 638 1972 678 I.
2003 635 2066 690 6.)
2101 638 2212 678 unde

285 719 450 772 quidem
495 724 636 773 patere
680 720 862 769 videtur,
913 733 1008 760 eum
1058 719 1243 758 omnibus
1283 718 1525 757 Christianis
1563 718 1658 770 jura
1701 718 1967 758 sacerdotalia
2009 718 2211 758 tribuisse.

284 798 387 850 Quae
417 812 544 849 vero,
587 800 689 839 licet
728 800 878 850 scripta
919 800 1000 838 sint
1034 813 1056 837 a
1094 798 1350 838 Tertulliano
1392 798 1671 846 Montauista,
1710 796 1889 848 ideoque
1937 797 2213 848 sacerdotium

282 876 608 918 Christianorum
644 877 864 929 spirituale
889 878 1017 929 magis
1049 880 1261 928 premente
1294 889 1414 928 quam
1444 875 1647 915 Catholici
1667 875 1709 925 2,
1756 890 1779 915 a
1809 876 1992 915 doctrina
2030 875 2212 915 Catholi-

283 939 427 996 corurn
456 957 565 996 illius
596 957 793 1007 temporis
822 954 933 995 haud
971 956 1093 1008 plane
1132 956 1262 994 aliena
1295 955 1426 993 videri
1464 958 1636 1006 possunt
1659 984 1670 1003 ,
1703 955 1888 1007 inprimis
1920 967 2045 1006 quum
2079 967 2129 994 ex
2159 955 2212 994 iis

281 1038 454 1083 constet,
485 1036 696 1075 doctorem
725 1036 870 1075 Afrum
902 1034 953 1073 de
984 1047 1078 1073 casu
1108 1034 1341 1073 necesitatis
1371 1033 1496 1084 loqui,
1528 1033 1601 1071 ubi
1634 1033 1768 1071 desint
1796 1034 2004 1086 religionis
2035 1033 2213 1073 ministri

280 1114 359 1153 rite
377 1115 511 1154 vocati
533 1118 655 1168 atque
676 1114 851 1154 ordinati
863 1113 892 1151 3.
951 1112 1174 1165 Septimius
1191 1113 1299 1152 enim
1324 1115 1477 1159 noster,
1508 1124 1588 1162 quo
1614 1112 1759 1151 melius
1782 1098 1948 1164 regatur
1962 1112 2212 1165 Respublica

282 1192 539 1243 Christiana,
582 1195 626 1233 in
665 1195 759 1234 loco
794 1206 890 1233 mox
937 1192 1072 1231 adlato
1119 1192 1340 1231 discrimen
1387 1192 1504 1244 ponit
1543 1192 1652 1230 inter
1692 1192 1901 1232 Ordinem
1944 1196 1986 1232 et
2025 1193 2208 1233 Plebem.

280 1274 593 1328 Differentiam
610 1274 745 1325 inquit
764 1274 829 1312 l.l.
861 1273 980 1312 inter
1004 1271 1203 1311 ordinem
1220 1277 1263 1311 et
1282 1272 1447 1326 plebem
1464 1272 1695 1311 constituit
1708 1272 1924 1313 Ecclesiae
1948 1274 2208 1320 auctoritas,

281 1356 327 1391 et
357 1352 496 1393 honor
527 1367 609 1407 per
638 1353 806 1393 ordinis
839 1365 1085 1392 consessum
1112 1353 1442 1406 sanctificatus5
1487 1351 1595 1391 adeo
1625 1351 1699 1390 ubi
1727 1352 2013 1391 ecclesiastici
2040 1351 2210 1392 ordinis

278 1443 368 1472 non
397 1438 463 1473 est
490 1446 729 1479 consessus,
761 1436 805 1472 et
838 1432 970 1486 offers
997 1435 1041 1470 et
1068 1432 1252 1485 tinguis,
1290 1436 1369 1471 etc.
1431 1430 1533 1480 Quae
1564 1429 1731 1480 quidem
1759 1430 1896 1478 verba,
1931 1433 2129 1481 quatenus
2155 1429 2224 1475 de¹

278 1509 438 1549 honore
468 1511 623 1550 ordinis
649 1513 793 1563 agunt,
831 1510 999 1562 egregie
1023 1509 1240 1549 illustravit
1264 1509 1520 1550 Boehmerus
1547 1500 1590 1548 in
1615 1509 1721 1548 Diss.
1746 1509 1856 1548 Juris
1880 1509 2027 1548 eccles.
2055 1509 2210 1560 antiqui

277 1588 448 1628 Dissert.
471 1589 560 1630 VII.
597 1602 647 1629 ex
677 1603 754 1629 usu
785 1589 980 1641 loquendi
1016 1590 1098 1629 fori
1129 1589 1331 1639 Romani,
1375 1603 1498 1641 quem
1529 1589 1807 1628 Tertullianus
1849 1588 1948 1627 Jure
1973 1586 2208 1636 ConSultus,

277 1669 348 1708 ubi
367 1668 419 1707 de
449 1669 573 1709 rebus
596 1668 882 1707 ecclesiasticis
912 1668 1116 1716 disseruit,
1146 1672 1310 1707 secutus
1341 1672 1415 1707 est.
1473 1668 1605 1707 Docet
1633 1680 1730 1706 vero
1753 1670 1989 1706 antecessor
2003 1666 2207 1714 Halensis‚

266 1747 522 1788 'Tertulliani
551 1750 732 1788 mentem
767 1746 850 1786 huc
882 1747 1048 1786 redire:
1098 1747 1396 1801 differentiam
1434 1750 1554 1788 inter
1593 1748 1790 1787 ordinem
1823 1760 1875 1786 ac
1912 1746 2078 1801 plebem
2106 1759 2207 1786 con-

277 1828 483 1867 stitutam
517 1841 608 1866 esse
641 1832 699 1866 ex‘
731 1827 905 1866 decreto
937 1826 1152 1866 Ecclesiae
1174 1853 1187 1871 ,
1233 1836 1314 1875 quo
1357 1825 1548 1863 nimirum
1579 1824 1746 1862 decreto
1781 1823 1914 1864 ordini
1947 1825 2000 1863 sit
2037 1823 2207 1863 collatus

277 1906 418 1945 honor
448 1905 490 1944 h.
509 1918 544 1944 e.
574 1919 732 1946 munus
752 1905 1092 1945 ecclesiasticum
1113 1917 1210 1943 cum
1231 1905 1379 1957 aliqua
1399 1904 1632 1957 dignitate.
1695 1903 1811 1943 Ordo
1844 1902 2010 1954 quidem
2039 1915 2117 1942 vox
2142 1907 2206 1942 est

280 1982 333 2022 de
348 1983 655 2036 Magistratibus
670 1984 865 2024 Romanis
894 1995 1004 2039 saepe
1027 1985 1219 2032 usurpata
1229 1996 1240 2030 3
1276 1982 1410 2021 honor
1433 1995 1529 2021 vero
1552 1982 1709 2021 indicat
1737 1993 1881 2021 munus
1909 1982 2205 2023 sanctificatum

277 2076 353 2115 per
384 2063 506 2115 hujus
536 2064 690 2103 ordinis
721 2075 969 2110 consessum,
1010 2074 1090 2113 quo
1122 2061 1223 2100 ‹H-do
1249 2062 1465 2101 distinctus
1496 2064 1583 2100 erat
1606 2075 1629 2100 a
1655 2061 1790 2113 plebe.
1849 2059 2046 2113 Superest
2068 2065 2204 2101 tamen

277 2145 323 2181 ut
349 2143 574 2195 explicetur
603 2156 684 2195 quo
716 2155 839 2182 sensu
868 2142 1146 2182 Tertullianus
1175 2153 1318 2180 vocem
1347 2142 1550 2182 Ecclesia
1581 2141 1773 2192 accipiat,
1810 2153 1861 2179 an
1884 2141 1940 2179 ita
1964 2141 2025 2198 ‘sit
2052 2141 2203 2180 intelli-

278 2221 523 2274 gend11s‚x11t
551 2223 641 2276 ejus
670 2221 883 2262 decretum
909 2221 1056 2260 divinae
1085 2221 1332 2260 institutioni
1362 2219 1661 2271 quodammodo
1682 2223 1870 2271 opponat,
1893 2223 1935 2258 et
1948 2218 2202 2258 clericorum

270 2301 360 2353 jus,
399 2300 511 2341 haud
540 2302 707 2354 quidem
737 2301 939 2348 divinum,
974 2312 1087 2339 mere
1116 2299 1337 2339 humanum
1370 2312 1461 2339 esse
1491 2298 1677 2338 statuat?
1736 2299 1837 2350 Quae
1875 2297 2038 2350 quidem
2066 2297 2200 2350 paullo

373 2456 662 2490 Jahrhuntlertc
696 2468 731 2500 p.
761 2455 840 2490 180.
872 2468 974 2501 sequ.
1032 2456 1216 2499 Ejusdem
1310 2455 1412 2501 {CR
1440 2456 1648 2500 Ilugonem
1669 2454 1847 2489 Grotium
1879 2454 1925 2487 (le
1957 2452 2198 2488 administra-

375 2525 767 2573 Kirchengeschichtc
797 2526 828 2560 Ι.
856 2539 891 2571 p.
911 2526 991 2561 298.
1359 2525 1462 2559 tione
1486 2524 1522 2559 S.
1544 2525 1689 2566 Coeum,
1715 2524 1785 2559 ubi
1804 2523 1978 2558 Pastores
2003 2533 2077 2558 non
2099 2526 2195 2558 sunt.

327 2619 346 2647 ²
368 2619 541 2655 Noesselt
566 2621 612 2655 de
635 2631 728 2655 vera
750 2623 858 2654 aetate
877 2619 1105 2664 scriptorum
1117 2619 1214 2653 Tcr-
1359 2593 1475 2640 (099⁶
1496 2594 1683 2640 Tl¹⁰⁰l⁰g'
1704 2595 1768 2629 IV·
1797 2605 1832 2639 Ρ·
1857 2592 1958 2639 5⁰5¹)

374 2690 527 2726 tulliani
552 2690 708 2725 Dissert.
728 2689 798 2724 III.
830 2702 864 2734 p.
889 2689 943 2724 15.
