2341 3340
1092 127 1154 172 11

177 268 363 308 ecclesiae
394 281 542 308 nexum
569 267 645 305 ista
675 265 797 304 verba
826 264 1044 304 declarant.
1100 263 1245 317 Neque
1277 264 1455 317 negabo,
1500 268 1808 308 auctoritatem
1840 268 1884 308 in
1912 271 2071 307 antece-

179 346 368 386 dentibus
404 345 513 385 haud
554 345 682 395 ipsam
725 343 906 382 indicare
948 345 1172 396 originem.
1250 343 1333 382 Sed
1367 343 1401 382 si
1438 343 1503 382 vel
1550 343 1817 382 concedamus
1860 345 2071 398 Basnagio,

179 426 485 465 auctoritatem
513 424 619 462 hanc
654 425 936 474 argumentum
969 412 1207 472 esse-atque
1242 421 1424 472 regulam
1446 421 1660 473 judicandi
1694 421 1745 459 (16
1779 423 2072 472 conspiratione

178 504 373 544 doctrinae
415 500 695 539 Africanarum
734 500 1029 548 ecclesiarum,
1078 503 1200 550 atque
1242 498 1426 551 eiusdem
1467 498 1667 538 doctrinae
1696 501 2074 551 consanguinitate⁵

177 593 269 621 cum
291 580 472 619 Romana
506 578 575 617 illa
603 578 858 629 Apostolica,
903 577 1008 629 apud
1037 559 1157 629 quam
1189 577 1420 616 authentica
1452 576 1569 616 Pauli
1601 577 1784 629 Epistola
1812 579 2074 618 recitabatur:

169 671 358 711 quaerere
386 661 522 696 tamen
553 657 677 705 licet,
723 669 856 695 annon
883 656 1159 695 Tertullianus
1196 656 1330 694 verbis
1369 656 1575 708 allegatis,
1611 657 1727 696 uncle
1756 658 1875 697 nobis
1913 671 2076 711 quoque

175 739 419 778 auctoritas
443 742 609 790 proesto
643 741 721 782 est,
757 735 945 783 fateatur,
974 730 1171 788 majorem
1185 735 1383 773 Ecclesiae
1407 734 1610 774 Africanae
1644 747 1738 773 cum
1754 734 1935 774 Romana
1960 747 2078 786 quam

175 816 455 855 cumrcaeteris
482 814 740 853 intercedere
772 813 953 853 nexum?
996 825 1085 865 quae
1118 815 1152 853 si
1183 813 1470 862 concedantur,
1514 813 1636 866 hujus
1667 824 1795 852 nexus
1827 824 1988 853 causam
2011 813 2078 852 vix

175 893 338 935 aliunde
377 906 497 944 quam
532 905 582 931 ex
613 893 723 931 illius
754 893 909 944 origine
929 893 1114 933 Romana
1143 893 1349 933 deducere
1378 893 1544 944 poteris.
1607 892 1701 932 Huc
1734 904 1894 944 quoque
1925 891 2079 933 faciunt

178 985 268 1023 quae
297 972 422 1011 habet
451 971 673 1023 Cyprianus
703 984 765 1023 ep.
788 971 857 1010 48.
885 971 935 1010 ad
966 972 1220 1012 Cornelium:
1276 975 1369 1015 Nos
1393 974 1507 1012 enim
1536 973 1723 1026 singulis
1752 970 2077 1023 navigantibus,

176 1065 232 1092 ne
261 1065 357 1091 cum
385 1051 592 1091 scandalo
625 1052 919 1103 navigarent,
961 1054 1177 1093 rationem
1207 1052 1453 1099 reddentes,
1481 1053 1640 1091 scimus
1668 1063 1748 1090 nos
1778 1050 1976 1090 hortatos
2008 1062 2078 1088 eos

177 1144 281 1177 esse,
323 1135 374 1170 ut
401 1130 617 1170 Ecclesiae
647 1130 884 1170 Catholicae
916 1132 1108 1171 radicem
1137 1137 1181 1171 et
1208 1133 1434 1171 matricem
1465 1133 1755 1184 agnoscerent
1785 1142 1836 1167 ac
1864 1133 2077 1167 tenerent.

174 1207 282 1259 Quid
318 1221 415 1247 vero
457 1208 658 1260 intelligat
697 1220 773 1259 per
817 1210 1028 1248 matricem
1062 1208 1262 1247 Ecclesiae
1298 1207 1551 1256 Catholicae,
1602 1207 1719 1246 locus
1750 1204 1993 1243 Tertulliani
2029 1203 2079 1242 de

173 1300 337 1340 proescr.
363 1299 400 1325 c.
421 1286 489 1325 21.
523 1287 759 1326 declarabit.
817 1289 1002 1328 Constat
1022 1287 1226 1341 proinde,
1258 1301 1425 1327 omnem
1455 1287 1714 1332 doctrinam,
1744 1297 1840 1338 quoe
1871 1296 1967 1322 cum
1994 1283 2080 1322 illis

174 1367 386 1408 Ecclesiis
413 1368 700 1420 Apostolicis,
743 1367 995 1407 matricibus
1038 1372 1082 1407 et
1115 1367 1403 1419 originalibus
1430 1366 1568 1419 fidei,
1614 1364 1858 1416 conspiret,
1901 1361 2084 1400 veritati

174 1445 497 1500 deputandam;
530 1444 578 1484 id
606 1445 702 1484 sine
734 1444 860 1485 dubio
891 1445 1142 1493 tenendum,
1176 1445 1290 1498 quod
1304 1445 1505 1485 Ecclesia
1534 1443 1584 1483 ab
1608 1440 1846 1496 Apostolis‚
1880 1439 2084 1493 Apostoli

175 1539 202 1564 a
235 1525 434 1570 Christo,
481 1523 682 1563 Christus
723 1538 750 1564 a
794 1525 888 1564 Deo
924 1525 1128 1578 suscepit.
1197 1524 1316 1564 Sunt
1355 1528 1501 1563 autem
1543 1522 1749 1561 matrices
1780 1518 1995 1559 Ecclesiae
2028 1530 2080 1556 ea·

173 1602 347 1656 quibus,
387 1607 594 1654 tanquam
621 1603 909 1655 parentibus,
952 1603 1117 1642 Christi
1135 1602 1251 1656 fides
1284 1601 1342 1641 ad
1371 1614 1451 1641 nos
1476 1601 1701 1654 pervenit,
1747 1611 1799 1638 ac
1821 1610 1906 1651 per
1939 1596 2079 1636 orbem

177 1681 429 1719 universum
467 1676 660 1733 diffusa}-
712 1679 821 1717 unde
861 1692 1022 1730 quoque
1061 1677 1658 1729 Hierosolymitana‘Ecclesia
1699 1674 1954 1715 Tertulliano
1993 1672 2081 1712 adv.

175 1756 374 1796 Marcion.
403 1755 471 1794 IV.
501 1768 536 1793 c.
566 1756 632 1793 35.
689 1759 854 1796 matria
888 1759 1115 1808 religionis
1144 1756 1269 1795 audit.
1338 1755 1383 1794 ln
1411 1758 1550 1794 nostro
1586 1767 1683 1793 vero
1718 1754 1810 1793 loco
1840 1752 2080 1804 Cyprianico

175 1835 356 1874 Romana
391 1833 575 1872 Ecclesia
609 1832 809 1871 Ecclesiae
839 1833 1061 1872 Catholicae
1095 1833 1211 1876 radix
1241 1837 1284 1872 et
1313 1833 1459 1873 matrix
1490 1845 1539 1872 eo
1571 1845 1695 1871 seusu
1723 1832 1889 1871 minime
1920 1831 2081 1877 dicitur,

176 1925 255 1965 quo
278 1912 371 1951 haec
394 1911 588 1963 loquendi
610 1911 742 1950 forma
770 1925 793 1950 a
817 1911 1039 1951 Catholicis
1068 1912 1278 1962 accipitur.
1335 1911 1439 1950 Nam
1472 1924 1610 1950 omnes
1625 1911 1823 1950 Ecclesiae
1835 1909 2081 1962 Apostolicae

175 1991 362 2031 matrices
378 1993 503 2028 erant.
560 1990 706 2041 Neque
729 1990 862 2029 minus
879 1990 970 2029 haec
998 1990 1156 2042 phrasis
1186 2002 1348 2029 omnem
1380 1990 1592 2030 ecclesiam
1625 1989 1892 2029 orthodoxam
1915 1987 2080 2035 indicat,

176 2067 516 2121 quemadmodum
553 2068 605 2107 de
641 2068 850 2108 haereticis
883 2068 1107 2120 Cyprianus
1145 2068 1245 2107 dicit
1278 2081 1341 2120 ep.
1363 2067 1431 2107 59.
1460 2083 1564 2123 quos
1600 2074 1773 2110 constat
1802 2081 1828 2107 a
1866 2068 1986 2107 nobis
2025 2068 2084 2107 ad

176 2149 402 2188 haereticos
420 2149 662 2195 transiisse,
693 2148 753 2188 ad
773 2149 999 2188 matricem
1017 2148 1216 2195 redeant,
1248 2160 1366 2198 quam
1393 2159 1554 2198 quoque
1568 2147 1779 2187 matricem
1803 2145 1928 2184 habet
1942 2145 2080 2197 eli-⁵71.

177 2223 261 2264 Sed
288 2228 395 2264 totus
427 2226 611 2278 epistolae
635 2230 755 2266 tenor
784 2226 921 2274 docet,
955 2238 1049 2264 eum
1074 2225 1126 2264 de
1143 2225 1326 2265 Romana
1356 2225 1542 2264 Ecclesia
1571 2225 1697 2276 loqui,
1730 2236 1849 2275 quam
1879 2224 1958 2263 alio
1987 2224 2080 2262 loco

178 2307 260 2357 (cp.
279 2303 346 2343 59.
375 2318 414 2356 p.
435 2305 546 2354 136.)
572 2307 864 2359 principalem
893 2305 1081 2357 appellat,
1112 2318 1234 2356 quum
1261 2304 1455 2343 Cornelio
1484 2303 1635 2343 scribat
1663 2302 1715 2341 de
1738 2302 1863 2354 ipsius
1881 2304 2080 2342 electione

178 2388 221 2422 et
249 2382 426 2421 dissidiis
454 2383 505 2422 ob
534 2382 706 2422 eandem
737 2383 917 2430 οἶκοι-ὕες
956 2383 1068 2423 unde
1096 2383 1213 2423 valde
1243 2384 1291 2423 fit
1319 2382 1552 2435 probabile,
1582 2381 1809 2421 Ecclesiam
1830 2382 2079 2423 catholicam

177 2463 220 2501 in
248 2461 325 2501 hac
356 2461 525 2511 epistola
560 2474 649 2501 esse
683 2461 1060 2513 Carthaginiensem
1093 2462 1367 2514 provinciam,
1414 2473 1533 2510 quam
1570 2461 1707 2501 latius
1731 2462 1889 2512 susam
1925 2460 2079 2508 scribit,

179 2540 329 2592 quippe
361 2551 450 2589 quae
483 2538 637 2580 habeat
665 2542 797 2580 etiam
826 2540 1079 2581 Numidiam
1111 2546 1154 2581 et
1191 2541 1501 2581 M‘auretanias
1529 2539 1639 2578 duas
1682 2538 1764 2578 sibi
1791 2539 2079 2584 cohaerentem

225 2703 242 2731 ⁵
268 2702 330 2736 Sic
354 2702 498 2746 legitur
523 2700 857 2744 Consanguinitas,
894 2702 940 2736 dc
967 2712 1115 2746 praescr.
1141 2712 1172 2736 c.
1193 2700 1252 2735 32.
