2341 3340
1184 163 1251 210 84

261 316 368 356 sunt.
426 307 549 351 Unde
577 307 694 351 valde
721 307 769 349 fit
797 307 1023 362 probabile,
1056 317 1189 348 sacras
1214 304 1441 359 perhaps,
1457 306 1688 357 'antequam
1719 301 1873 343 calamo
1902 302 2188 356 exciperentur

263 394 314 433 ab
342 389 576 431 hominibus
614 388 828 440 utriusque
862 388 1086 435 sermonis,
1132 386 1176 426 in
1202 385 1346 426 Africa
1387 397 1484 438 ergo
1520 383 1658 424 Latini
1691 385 1812 435 atque
1844 381 2010 431 Punici,
2050 382 2186 435 gnaris

264 472 373 512 inter
415 467 674 510 recitandum
715 462 1104 521 αὐτοσχεδιαςικῶς
1145 477 1281 504 versas
1316 464 1457 503 fuisse·
1531 464 1736 514 Quantum
1779 474 1876 501 vero
1917 461 2186 510 difficultatis,

265 552 366 603 quot
395 548 688 601 impedimenta
719 547 784 586 rei
820 545 1064 588 Christianae
1096 545 1141 584 in
1169 542 1311 584 Africa
1337 540 1610 596 propagandae
1641 542 1729 594 ipse
1766 542 1837 581 hic
1875 540 2063 581 defectus
2098 552 2188 579 vera

268 629 429 669 sionum
463 626 751 679 scriptarum,
779 625 867 677 ipsa
911 624 1004 664 haec
1036 624 1265 677 linguarum
1306 621 1518 662 diversitas
1560 632 1726 661 movere
1771 620 1990 669 debuerit,
2041 607 2191 670 quanta

266 705 417 748 laboris
445 705 642 758 patientia
668 716 769 757 opus
789 703 917 743 fuerit
942 703 995 743 ad
1018 714 1086 743 eas
1115 701 1375 756 superandas,
1405 704 1636 754 quantoque
1660 713 1752 739 clun
1772 712 1963 740 successu
1976 697 2189 755 Evangelii

267 796 481 839 praecones
517 782 690 824 arduum
724 782 807 823 hoc
843 794 944 836 opus
984 782 1167 835 adgressi
1201 781 1377 831 fuerint,
1414 779 1527 820 haud
1561 779 1651 819 sine
1687 777 1954 817 admiratione
1982 779 2189 830 agnoscet,

270 864 504 917 quicunque
537 862 590 901 de
628 875 776 914 magno
810 874 983 902 numero
1018 861 1308 910 ecclesiarum,
1347 859 1541 912 Cypriani
1572 861 1614 898 et
1645 857 1774 897 multo
1811 857 1941 910 magis
1972 855 2191 908 Augustini
2249 898 2252 901 ,

269 947 456 994 tempore
491 941 535 979 in
567 938 763 988 urbibus,
806 938 966 991 oppidis
1006 941 1049 976 et
1082 950 1180 976 rure
1209 938 1464 986 florentium,
1503 937 1751 989 cogitaverit.
1822 935 1886 975 Ex
1926 935 2026 974 orali
2066 934 2192 986 igitur

203 1068 206 1071 Δ
270 1020 458 1060 doctrina
496 1016 604 1071 apud
645 1016 899 1057 Christianos
945 1029 995 1056 ex
1031 1015 1187 1056 Punica
1234 1016 1361 1068 stirpe
1404 1015 1597 1053 oriundos
1640 1015 1774 1053 omnia
1816 1013 2063 1067 pendebant.
2134 1011 2192 1051 Hi

270 1097 478 1139 catechesi
512 1096 831 1136 instituebantur
867 1099 989 1147 atque
1018 1093 1295 1135 sermonibus:
1338 1093 1515 1146 propriae
1548 1092 1716 1130 lectioni
1748 1092 1872 1131 nullae
1903 1085 2193 1130 ferei-'uerunt

270 1181 418 1231 partes.
486 1174 734 1228 Carthagine
765 1177 903 1215 autem
938 1178 981 1214 et
1014 1174 1057 1214 in
1089 1172 1312 1226 majoribus
1348 1171 1516 1211 urbibus
1544 1169 1689 1210 Latina
1726 1170 1866 1222 lingua
1908 1171 1959 1211 ob
2006 1171 2193 1210 omnibus

270 1254 588 1308 intelligebatur.
651 1253 762 1294 Hinc
809 1264 973 1305 quoque
1015 1255 1204 1305 apparet,
1258 1253 1302 1291 in
1342 1251 1528 1291 coetibus
1569 1250 1894 1290 Christianorum
1938 1250 2016 1289 hac
2056 1251 2193 1303 lingua

273 1335 425 1375 cultum
455 1333 664 1386 publicum
689 1335 918 1385 peractum,
959 1344 1180 1384 sacrosque
1206 1334 1342 1371 textus
1370 1330 1517 1371 Latine
1550 1340 1689 1370 versos
1728 1312 1939 1376 recitatos,
1981 1331 2022 1369 et
2049 1341 2193 1382 proce—

275 1413 400 1454 dente
425 1417 613 1465 tempore
634 1411 798 1459 ‘calamo
830 1417 1023 1464 exceptos
1050 1410 1191 1451 fuisse.

455 1492 495 1531 2.
569 1489 654 1531 Sed
692 1490 744 1530 de
783 1490 923 1530 indole
960 1490 1107 1530 harum
1144 1490 1377 1530 versionum
1414 1490 1779 1530 luculentissimum
1826 1492 1937 1530 extat
1980 1490 2197 1542 Augustini

277 1569 570 1618 testimonium,
612 1570 681 1621 qui
704 1571 794 1622 ipse
825 1569 904 1609 fuit
932 1569 1037 1609 Afer
1063 1557 1176 1608 etin
1203 1568 1344 1609 Africa
1372 1570 1555 1622 scripsit;
1596 1570 1665 1621 qui
1695 1583 1793 1623 ergo
1811 1599 1823 1619 ,
1870 1583 1994 1621 quum
2026 1570 2078 1609 de
2108 1583 2197 1610 ver—

275 1651 458 1692 sionibus
485 1648 643 1689 Latinis
670 1649 886 1700 loquatur,
925 1649 969 1688 in
997 1648 1139 1688 Africa
1174 1647 1302 1687 factas
1336 1649 1540 1700 intelligit.
1614 1648 1672 1688 Ut
1709 1651 1824 1690 enim
1863 1652 2010 1704 cuique
2041 1652 2200 1706 primis

264 1730 380 1785 fidei
406 1728 669 1783 temporibus
711 1725 866 1782 (inquit
905 1726 958 1766 de
994 1726 1125 1766 doctr.
1157 1724 1388 1766 Christiana
1422 1727 1491 1765 lib.
1525 1725 1575 1764 11.
1608 1738 1643 1765 c.
1668 1723 1757 1780 11.)
1800 1730 1846 1768 in
1880 1742 2037 1769 manus
2079 1731 2200 1770 vem't

278 1809 412 1850 codex
454 1809 664 1855 Graecus,
718 1811 763 1847 et
807 1807 1127 1861 aliquantulum
1155 1807 1397 1858 facultatis
1442 1806 1526 1847 sibi
1566 1807 1792 1859 utriusque
1831 1808 1999 1859 linguae
2043 1809 2200 1849 habere

280 1887 507 1930 videbatur
518 1914 531 1934 ‚
569 1899 705 1925 ausus
732 1890 797 1926 est
827 1885 1132 1938 interpretari.
1192 1883 1337 1923 Multae
1369 1884 1508 1933 itaque
1541 1884 1763 1922 extiterunt
1793 1885 2002 1924 versiones
2030 1885 2202 1936 Latinae,

280 1978 363 2007 non
407 1963 540 2003 dicam
578 1963 705 2022 totius
746 1962 787 2002 S.
821 1961 1008 2010 Codicis,
1059 1961 1134 2003 sed
1167 1962 1419 2015 singulorum
1447 1961 1666 2010 librorum,
1709 1975 1791 2002 non
1819 1976 1842 2003 a
1871 1963 2034 2003 clericis
2077 1967 2203 2005 unice
2265 1944 2267 1947 ι

280 2043 569 2084 ἵει-ωηΐοῑῐε
606 2055 629 2082 a
657 2042 771 2082 laicis
801 2053 965 2093 quoque
1002 2041 1117 2081 verbi
1153 2041 1278 2080 divini
1312 2040 1551 2090 studiosis3,
1592 2045 1661 2090 et,
1694 2041 1805 2094 quod
1846 2042 2021 2095 Ridleyo
2052 2044 2203 2098 lubens
2250 2036 2253 2040 ’

283 2123 415 2171 dabo,
462 2136 486 2161 a
514 2121 669 2161 Judaeis
701 2120 752 2160 ad
781 2120 989 2159 Christum
1024 2122 1231 2161 conversis
1262 2122 1327 2162 vel
1359 2122 1481 2174 etiam
1512 2135 1535 2160 a
1561 2121 1712 2160 Poenis
1744 2121 1887 2170 sactae,
1918 2122 2028 2161 haud
2059 2136 2202 2176 parum

285 2202 583 2254 discrepantes,
629 2200 673 2239 id
703 2199 813 2251 quod
848 2199 927 2252 ipsi
958 2203 1092 2240 textus
1120 2215 1143 2241 a
1171 2201 1445 2250 Tertulliano,
1485 2199 1687 2252 Cypriano
1717 2203 1759 2240 et
1785 2200 2013 2252 Augustino
2042 2203 2207 2256 allegati

286 2281 514 2320 luculenter
537 2276 764 2319 evincunffl.
819 2279 925 2319 Nam
953 2280 1185 2320 Hebraismi
1214 2281 1257 2320 in
1285 2281 1401 2320 hisce
1429 2280 1683 2319 versionibus
1712 2280 1822 2319 haud
1851 2293 1941 2319 raro
1974 2286 2205 2332 occurrunt,

288 2371 338 2400 ex
384 2359 600 2400 vernacula
643 2359 879 2412 interpretis
925 2359 1063 2412 lingua
1109 2359 1305 2399 facillime
1351 2359 1592 2412 explicandi.
1667 2358 1813 2410 Neque
1858 2359 1939 2398 hoc
1993 2360 2205 2401 dissidium

339 2544 356 2572 3
380 2544 626 2579 probabilem
655 2545 753 2579 hanc
782 2545 1038 2589 conjecturam
1074 2557 1155 2580 ven.
1188 2558 1223 2580 v.
1319 2546 1336 2574 4
1360 2546 1543 2591 Exempla
1586 2545 1726 2580 harum
1771 2545 2003 2580 varietatum
2049 2546 2206 2592 collegit

388 2615 455 2649 Ess
478 2613 674 2658 proposuit
687 2615 712 2649 1.
738 2628 767 2648 c.
792 2627 826 2659 p.
847 2614 880 2649 5.
901 2616 945 2649 dc
970 2615 1115 2651 Latinis
1144 2627 1226 2651 ver-
1370 2615 1525 2660 Hugius
1564 2614 1603 2649 in
1636 2615 1784 2661 egregii
1817 2615 1930 2650 libri:
1983 2615 2207 2662 Eiuleitung

390 2684 558 2720 sionibus
581 2683 758 2720 universe
784 2695 910 2731 agens.
1369 2684 1408 2719 in
1431 2685 1494 2719 des
1516 2685 1559 2720 N.
1574 2685 1618 2719 T.
1643 2684 1822 2720 editionis
1853 2684 1974 2720 tertiae
2006 2685 2036 2720 1.
2063 2697 2097 2731 p.
2124 2685 2203 2722 459.

1369 2767 1469 2800 sequ.
