2341 3340
1181 132 1282 180 226

1202 276 1273 317 ΙΙΙ.

542 352 953 396 FRAGMENTUM
1009 354 1082 396 DE
1139 354 1509 397 MARTYRIBUS
1567 354 1926 398 SCILLITANIS.

273 458 351 500 Ex
389 457 481 499 cod.
523 471 600 498 ms.
639 458 858 511 Augiensi
901 459 1024 513 apud
1050 459 1288 512 fllabillon.
1333 460 1453 501 Tom.
1491 462 1568 502 IV.
1646 460 1740 502 Vet.
1783 461 1985 501 Analect.
2029 459 2190 514 Incipit

443 538 594 579 Passio
627 535 890 577 Sanctorum
922 533 1252 579 scillitanomm
1289 539 1404 593 quod
1433 545 1498 580 est
1529 539 1650 580 XVI.
1686 539 1788 579 Kal.
1819 539 2022 591 Augusti.

456 639 504 679 In
533 638 678 678 diebus
716 637 797 677 illis
824 638 1086 690 ,praesidente
1122 639 1184 679 bis
1226 638 1448 680 Claudiano
1488 639 1666 680 Consule
1681 640 1717 669 ²⁷
1754 639 1863 681 XVI.
1890 639 1979 679 Kal.
2007 637 2194 691 Augusti.

277 719 523 772 Carthagine
557 717 602 757 in
639 715 892 766 secretario,
935 717 1137 770 impositis
1177 717 1368 770 sperato,
1408 718 1661 767 Nartha1028‚
1709 722 1752 757 et
1791 718 1980 767 Cattino‚
2023 717 2194 765 Donata,

277 797 479 845 Secunda,
509 794 665 843 Vestia,
690 794 932 834 Saturninus
955 795 1182 837 Proconsul
1204 797 1327 837 dixit:
1363 796 1541 837 Potestis
1564 796 1860 850 indulgentiam
1884 796 2037 835 domini
2066 795 2196 836 nostri

276 873 538 929 Imperatoris
565 872 806 924 promereri,
835 872 872 909 si
899 872 950 909 ad
974 872 1120 912 bonam
1150 880 1328 915 mentem
1350 874 1542 917 redeatis.
1599 875 1792 928 Speratus
1824 874 1946 914 dixit:
1981 872 2196 926 Nunquam

275 952 576 999 malefecimus;
622 949 830 1000 iniquitati
865 949 1018 990 nullam
1047 962 1212 1003 operam
1237 952 1494 1004 praebemus,
1531 967 1735 1005 nunquam
1763 953 2069 1000 malefecimus3
2122 952 2195 992 sed

276 1033 382 1075 male
428 1030 586 1082 accepti
628 1029 777 1082 gratias
816 1028 1001 1081 egimus,
1041 1032 1210 1081 propter
1246 1030 1355 1083 quod
1393 1031 1610 1082 imperium
1650 1035 1834 1070 nostrum
1854 1031 1890 1059 29
1924 1031 2196 1071 observamus.

278 1111 520 1170 Saturninus
556 1107 784 1148 Proconsul
822 1106 954 1148 dixit:
980 1108 1067 1169 &Et
1105 1120 1179 1148 nos
1214 1109 1399 1161 religiosi
1436 1121 1603 1157 summ,
1645 1112 1687 1148 et
1724 1109 1895 1161 simplex
1941 1115 2003 1149 est
2048 1109 2196 1161 religio

277 1196 435 1232 nostra:
471 1193 514 1229 et
537 1188 722 1242 juramus
750 1199 826 1240 per
856 1187 1065 1240 ingenium
1076 1185 1111 1215 3⁰
1140 1187 1303 1230 Domini
1333 1188 1461 1228 nostri
1483 1187 1757 1239 Imperatoris,
1791 1191 1833 1226 et
1854 1199 1928 1240 pro
1951 1187 2039 1239 ejus
2066 1187 2196 1228 salute

278 1268 574 1321 supplicamus,
610 1265 720 1317 quod
745 1269 788 1305 et
813 1278 887 1306 vos
923 1277 1086 1317 quoque
1112 1266 1251 1322 facere
1275 1266 1447 1308 debetis.
1507 1265 1700 1320 Speratus
1731 1265 1853 1307 dixit:
1894 1264 1939 1306 Si
1962 1266 2196 1319 tranquillas

279 1346 504 1400 praebueris
528 1358 646 1386 aures
676 1349 780 1395 tuas,
816 1344 910 1385 dico
937 1346 1177 1398 mysterium
1201 1374 1211 1386 .
1235 1373 1246 1385 .
1280 1374 1289 1385 .
1321 1374 1331 1385 .
1356 1374 1366 1384 .
1399 1373 1410 1385 .
1438 1344 1486 1385 ³¹.

304 1532 340 1560 27
374 1533 503 1567 Hocce
537 1533 590 1566 bis
618 1530 725 1564 haud
767 1529 957 1575 intelligo.
1014 1531 1213 1564 Habemus
1357 1543 1476 1575 quum
1493 1530 1710 1566 Scillitanos
1736 1532 1928 1576 Martyres
1950 1540 2045 1568 anno
2068 1533 2195 1578 potius

375 1603 424 1636 ad
444 1613 528 1636 ann.
550 1613 587 1637 u.
601 1612 631 1634 c.
644 1599 726 1634 953.
750 1611 785 1644 p.
797 1600 888 1634 Chr.
902 1599 983 1634 200.
1009 1599 1214 1635 Tiberium
1355 1600 1427 1635 202
1447 1611 1573 1645 passos
1599 1611 1678 1635 esse
1701 1600 1900 1646 probabile
1927 1601 1987 1637 sit.

374 1670 580 1706 Claudium
603 1669 803 1712 Severum,
828 1668 895 1714 qui
914 1669 988 1703 hoc
1014 1680 1111 1704 anno
1136 1673 1213 1705 ter·
1700 1648 1701 1651 Ἴ

1285 1691 1323 1720 ²8
1348 1693 1582 1734 Narthalus,
1627 1693 1667 1727 in
1691 1693 1779 1728 aliis
1811 1694 2015 1737 Narzaks,
2060 1705 2196 1740 parum

374 1741 475 1777 tium
499 1739 682 1785 processit
700 1739 852 1774 Consul.
900 1739 986 1774 Hoc
1007 1750 1100 1774 vero
1127 1740 1211 1775 loco
1358 1767 1507 1798 mutata
1534 1762 1803 1808 adspiratione·

1286 1855 1323 1884 ²⁹
1353 1857 1528 1892 Vestrum.
1589 1857 1637 1892 R·-

376 1811 519 1845 Consul
536 1810 678 1845 iterum
700 1809 861 1844 dicitur:
895 1812 933 1844 et
952 1820 1071 1854 quum
1092 1813 1217 1844 totum

377 1881 450 1914 hoc
471 1879 669 1926 negotium
682 1878 916 1924 Carthagine
936 1882 1133 1924 peractum
1153 1880 1216 1923 sit,

376 1951 479 1985 hand
525 1951 638 1984 video
670 1949 858 1993 quomodo
889 1948 1098 1983 Praesidens
1140 1948 1217 1982 dici
1287 1949 1324 1977 3⁰
1350 1951 1503 1985 Genium
1527 1960 1609 1996 quae
1635 1952 1737 1985 certe
1757 1960 1849 1984 vera
1872 1952 1928 1984 est
1950 1948 2076 1984 lectio.
2113 1975 2116 1979 .

375 2020 517 2064 ¹²⁰S³it'
550 2018 625 2053 niSi
654 2018 766 2052 valde
796 2017 1017 2062 impmprie‘
1080 2018 1216 2052 Obstat
1284 2042 1320 2070 31
1347 2043 1439 2076 Haec
1467 2042 1579 2076 valde
1609 2042 1826 2086 conspirant
1859 2052 1946 2075 cum
1965 2039 2128 2075 narratis
2156 2039 2194 2074 in

375 2094 559 2133 praeterea
593 2097 712 2122 annus
752 2087 818 2131 qui
849 2090 907 2121 est
946 2086 1092 2121 Christi
1133 2086 1214 2128 200,
1356 2111 1541 2145 Actorum
1566 2112 1738 2155 exemplo
1764 2111 1900 2156 Primo·
