2341 3340
1087 159 1186 204 107

353 300 394 339 9.
451 300 742 341 Psalmodz’am
769 299 983 338 Ecclesiae
1021 300 1312 338 commemorat
1343 298 1602 353 Apologetici
1642 317 1677 343 c.
1707 305 1783 345 39:
1829 312 1879 348 uc
1915 309 2090 363 quisque

175 378 228 419 de
263 380 498 433 scripturis
531 379 695 418 sanctis
723 378 792 416 vel
818 376 871 416 de
895 379 1079 432 proprio
1109 380 1286 430 ingenio
1313 384 1481 431 potest,
1519 389 1788 433 provocatur
1818 387 1862 425 in
1897 387 2083 428 medium

175 458 266 498 Deo
297 471 476 498 canere.-
519 467 609 506 quae
636 454 801 506 quidem
830 456 998 507 singulis
1027 455 1268 495 Christianis
1302 456 1411 494 inter
1439 457 1525 507 ipsa
1562 460 1694 498 cultus
1727 462 1880 512 publici
1909 464 2089 504 solennia

170 546 362 575 concessa
390 535 553 573 libertas
581 533 856 584 antiquissima
884 533 1082 572 Ecclesiae
1110 534 1273 573 redolet
1303 538 1500 585 tempora,
1533 540 1749 588 antequam
1779 539 1961 580 ordinata
1982 547 2089 581 esset

169 614 341 665 liturgia.
398 612 622 664 Doxologia
643 612 731 664 jam
760 615 917 650 cantata
946 612 1074 651 fuisse
1097 611 1315 650 videtur4‘2.
1363 611 1618 652 Domesticos
1643 619 1776 655 autem
1801 618 1960 668 piorum
1990 631 2087 658 con-

162 691 306 743 jugum
349 694 487 731 cantus
523 691 712 743 indigitat
739 690 810 729 lib.
840 690 890 729 11.
919 690 970 730 ad
996 703 1165 729 uxorem
1190 704 1223 729 c.
1254 690 1303 728 9:
1349 697 1510 730 sonant
1547 694 1665 733 inter
1701 694 1807 734 duos
1847 692 2084 748 (conjuges)

164 771 325 823 psalmi
353 776 396 811 et
426 772 601 825 hymni,
643 776 687 811 et
717 775 866 810 mutuo
898 774 1163 823 provocant,
1199 759 1291 822 quis
1323 770 1475 809 melius
1501 771 1594 810 Deo
1627 785 1703 811 suo
1742 778 1903 812 cantet.
1963 772 2083 813 Unde

164 847 371 899 probabile
395 849 461 897 fit,
495 848 737 887 Tertulliani
762 847 849 899 jam
879 850 998 886 aetate
1028 846 1290 885 collectiones
1322 846 1579 898 Hymnorum
1610 849 1653 889 in
1684 849 1876 889 Africana
1899 849 2084 891 Ecclesia

161 924 407 978 extitisse2‚
447 926 786 978 Antiphonasque
821 926 870 965 ab
901 925 1056 976 Ignatio
1089 925 1132 963 in
1175 929 1337 965 coetum
1367 926 1669 967 Antiochenam
1713 927 1992 978 introductas,
2035 930 2078 969 in

164 1001 354 1041 Africano
398 1015 560 1055 quoque
601 1004 830 1044 invaluisse.
905 1005 1061 1044 Mutuo
1100 1004 1210 1042 enim
1248 1005 1415 1043 maritus
1468 1007 1510 1043 et
1554 1017 1657 1043 uxor
1701 1010 1943 1057 provocant,
1991 1008 2081 1057 quis

163 1080 305 1119 melius
334 1080 421 1121 Deo
457 1094 530 1121 suo
571 1083 737 1122 cantet!
795 1082 940 1133 Neque
977 1081 1187 1134 probabile
1225 1085 1289 1121 est
1325 1096 1346 1122 a
1379 1083 1502 1121 sacris
1537 1083 1710 1134 publicis
1753 1085 1914 1124 exclusa
1951 1086 2079 1126 fuisse

160 1169 247 1209 quae
284 1159 328 1198 in
358 1159 581 1200 domestica
614 1160 847 1200 introducta
870 1160 958 1212 jam
988 1164 1135 1199 essent.
1194 1160 1378 1212 Hymnos
1409 1172 1570 1212 quoque
1600 1161 1769 1200 canebat
1803 1161 1845 1201 S.
1874 1162 2077 1215 Perpetua

158 1235 201 1275 in
230 1248 416 1286 carcere3
462 1239 661 1279 didicerat
685 1240 810 1291 igitur
845 1242 887 1278 et
924 1239 1006 1278 fida
1037 1229 1233 1278 memoria
1263 1238 1439 1276 tenebat.
1498 1238 1644 1290 Neque
1674 1240 1863 1287 dubium,
1905 1242 2003 1290 quin
2034 1247 2076 1282 et

156 1312 285 1354 Poeni
325 1315 569 1365 Christiani,
617 1317 753 1357 Latini
777 1317 942 1372 ⁴quippe
991 1315 1191 1355 sermonis
1236 1316 1389 1367 ignari,
1435 1315 1612 1355 Punicos
1647 1317 1866 1356 habuerint
1899 1318 2073 1369 hymnos

157 1391 265 1433 inter
305 1394 439 1434 cultus
471 1395 623 1447 publici
655 1395 837 1434 solennia
867 1398 1061 1434 cantatos.
1127 1393 1209 1433 Sed
1240 1394 1489 1433 canticorum
1518 1395 1781 1434 collectiones
1814 1395 1920 1447 apud
1950 1396 2074 1436 rudes

155 1473 197 1510 et
230 1479 408 1524 agrestes
438 1474 538 1513 istos
565 1474 753 1513 homines
786 1474 992 1522 extitisse,
1025 1474 1092 1513 vix
1119 1476 1182 1513 est
1212 1472 1422 1511 credibile.
1479 1472 1534 1512 Et
1562 1473 1752 1525 pauciora
1779 1485 1921 1513 eorum
1951 1486 2070 1525 quam

155 1546 462 1594 catholicorum
491 1552 580 1592 sine
609 1552 734 1592 dubio
763 1556 878 1593 erant
903 1552 1072 1603 cantica,
1101 1564 1192 1604 quae
1220 1554 1334 1591 tanto
1361 1550 1522 1591 facilius
1551 1552 1760 1592 memoriae
1784 1552 2072 1594 commendare

155 1630 384 1678 potuerunt.

100 1765 103 1769 s
335 1708 402 1746 10.
458 1709 689 1752 Sermones
717 1712 776 1752 ad
801 1713 1013 1767 Populum
1044 1711 1298 1751 habebantur
1319 1711 1368 1751 ab
1393 1711 1620 1764 Episcopis.
1677 1711 2066 1763 Augustinusenim

151 1782 305 1834 primus
341 1786 420 1825 fuit
451 1787 493 1826 in
524 1788 664 1828 Africa
696 1789 936 1841 Presbyter,
972 1791 1040 1829 cui
1068 1790 1117 1829 ab
1152 1789 1355 1841 Episcopo
1387 1789 1665 1841 Hipponensi‚
1715 1789 1931 1829 decessore
1963 1790 2065 1842 ejus,

144 1861 212 1911 jus
247 1864 513 1903 concionandi
553 1878 788 1905 concessum
818 1866 944 1906 fuerit
960 1865 1008 1905 44.
1078 1865 1160 1918 Ipsi
1193 1877 1354 1918 quoque
1390 1866 1585 1918 Episcopi
1617 1867 1858 1918 plerumque
1897 1867 2066 1908 fuerunt

151 1937 462 1990 Catechistae453
498 1943 586 1983 aliis
619 1944 795 1984 docendi
815 1945 886 1997 jus
908 1943 1020 1984 haud
1047 1945 1326 1996 competebat3
1365 1945 1534 1984 minime
1561 1957 1659 1985 vero
1689 1945 1982 1985 mulieribusffi.

174 2095 209 2124 ⁴2
247 2098 364 2140 Quale
401 2102 454 2134 est
487 2115 533 2124 —-
566 2109 609 2134 ex
648 2111 737 2141 ore,
787 2111 854 2144 quo
884 2100 994 2135 Amen
1038 2100 1077 2134 z‘n
1150 2099 1186 2128 44
1209 2099 1403 2134 Possidius
1444 2099 1484 2134 in
1511 2100 1591 2136 vita
1628 2086 1836 2146 Augustini
1863 2112 1892 2135 c.
1914 2101 1947 2135 4.
1998 2101 2056 2135 Cf.

219 2172 411 2204 «sanctum
446 2166 558 2213 (ἅγιος
590 2166 717 2216 κύριος)
738 2170 951 2213 protuleris,
989 2170 1078 2215 gla-
1222 2179 1370 2212 quoque
1391 2169 1688 2203 Thomassinum
1711 2168 1752 2202 in
1783 2172 1857 2204 vet.
1887 2173 1924 2205 et
1958 2180 2057 2206 nova

243 2236 377 2271 diatori
425 2238 661 2273 testimonium
703 2216 853 2273 reddere
883 2241 930 2279 εἷς
963 2239 1079 2279 amiras·
1221 2236 1397 2271 Ecclesiae
1434 2237 1634 2282 disciplina.
1659 2238 1710 2273 ΙΙ.
1732 2238 1765 2273 1.
1798 2250 1828 2273 c.
1852 2238 1908 2273 88.
1941 2250 1978 2284 p.
2001 2250 2053 2274 m.

240 2300 431 2350 ἆγίαῖῶνος,
463 2308 534 2341 alii
556 2308 694 2343 omnino
713 2308 830 2343 dicere
850 2309 922 2342 nisi
944 2310 1018 2343 Deo
1044 2314 1080 2344 et
1220 2307 1277 2341 ech
1302 2306 1534 2352 Maguntinae
1557 2306 1638 2342 556.

244 2375 415 2409 Chrisw'?
454 2376 509 2409 De
534 2381 692 2421 spectac·
717 2390 746 2412 ⁰⁶
768 2377 824 2412 25·
858 2381 896 2412 et
918 2379 963 2413 de
982 2382 1076 2415 orat·
1149 2398 1185 2428 45
1210 2399 1484 2434 Thomassinus
1516 2399 1610 2434 ibid.
1636 2411 1666 2434 c.
1688 2399 1744 2435 83.
1773 2412 1809 2445 1).
1834 2399 1914 2436 578.
1939 2411 1968 2435 c.
1992 2398 2049 2435 93.

241 2454 272 2478 ⁰·
287 2443 321 2478 3·
347 2445 406 2479 Cf·
425 2445 590 2480 Neandri
615 2448 660 2482 G·
677 2448 711 2482 ‘l‘
729 2446 775 2481 Τ·
798 2458 834 2492 Ρ·
857 2446 913 2482 3⁰·
1216 2469 1343 2513 p.58'7.
1367 2470 1427 2503 Jo.
1438 2469 1552 2504 Andr.
1567 2469 2051 2515 Serrai‚Episc.Potentiae,

169 2557 205 2586 ⁴13
227 2558 323 2593 Vide
344 2558 568 2595 Tractatum
587 2565 779 2597 nostrum:
812 2563 907 2598 iiber
931 2563 991 2598 dic
1012 2562 1070 2598 iil-
1212 2539 1258 2572 de
1280 2538 1394 2573 claris
1416 2539 1653 2575 camellistis'
1689 2539 1847 2584 Nealmli
1866 2539 1969 2574 1769'

239 2631 335 2664 teste
367 2629 599 2664 christliche
627 2630 759 2666 Poesie
781 2656 792 2674 ,
826 2631 866 2668 in
896 2632 1069 2670 versione
1141 2631 1176 2660 46
1197 2630 1458 2666 Tertullianus
1481 2632 1526 2666 de
1550 2632 1719 2667 velandis
1734 2630 1950 2677 virginibus
1971 2631 2045 2667 ο,9.

238 2698 396 2734 metrica
424 2699 710 2745 Apocalypseos.
1211 2701 1267 2736 De
1297 2701 1484 2747 baptismo
1518 2700 1626 2736 ο.1’7.
1673 2702 1730 2735 De
1759 2712 1907 2745 praescr.
1938 2713 1968 2734 c.
1988 2701 2042 2735 41.
