2341 3340
1030 109 1097 156 (35

117 259 290 295 constat
316 248 496 306 (Agape)
526 253 691 293 lucrum
720 255 786 292 est
808 250 994 304 pietatis
1021 249 1196 289 nomine
1207 249 1366 300 facero
1391 255 1590 297 sumtum,
1630 248 1837 304 siquidem
1866 250 2018 303 inopes

116 316 279 387 auoque
311 333 545 384 refrigerio
574 332 656 369 isto
680 330 900 391 juvamus.

295 406 344 462 2)
383 410 628 449 Oblationes
655 389 890 447 menstruoe
917 420 951 446 s.
976 416 1248 450 mensurum,
1291 402 1344 440 de
1382 403 1526 454 quibus
1560 403 1833 446 Tertullianus
1867 405 2016 446 eodem

117 488 223 527 loco.
279 489 407 528 Arcae
438 499 578 539 genus
612 483 770 533 ᾱῖοίιῧ,
818 486 864 524 in
895 483 1010 538 quod
1042 482 1250 522 modicam
1287 483 1572 536 unusquisque
1602 483 1758 536 stipem
1791 489 2016 524 menstrua

117 568 187 607 die
219 565 367 620 (prima
396 563 552 601 scilicet
580 564 622 602 in
653 576 793 602 mense
824 563 891 601 die
921 556 1166 613 dominica),
1206 561 1274 600 vel
1305 574 1402 599 cum
1434 561 1564 606 velit,
1601 568 1645 601 et
1674 563 1716 602 si
1742 563 1865 602 moa'o
1896 564 2015 610 velit,

117 651 158 685 et
184 646 226 683 si
253 642 376 682 modo
409 644 569 695 possit,
615 645 830 697 apponit3
883 656 985 682 nam
1020 653 1143 681 nemo
1175 640 1474 693 compellitur,
1521 639 1600 679 secl
1634 646 1789 693 sponte
1829 642 2015 693 confert.

113 722 224 762 Haec
251 722 378 774 quasi
403 721 600 775 deposita
627 723 811 775 pietatis
841 726 970 767 sunt;
1007 733 1108 759 nam
1138 719 1240 758 inde
1268 731 1356 757 non
1389 719 1541 770 epulis,
1571 731 1651 757 neo
1675 721 1907 772 potaculis,
1937 731 2017 758 nec

114 799 306 852 ingratis
342 801 582 839 voratrinis
616 800 920 854 dispensatur,
959 798 1036 842 sed
1066 798 1215 850 egenis
1252 797 1421 837 alendis
1451 796 1759 850 humandisque
1790 803 1835 837 et
1864 798 2017 850 pueris

112 890 164 917 ac
190 879 349 931 puellis
381 892 428 918 re
458 892 509 917 ac
535 878 794 931 parentibus
828 878 1046 917 destitulis
1069 877 1246 930 jamque
1281 876 1524 915 domesticis
1558 876 1741 923 senibus,
1776 877 1879 916 item
1908 887 2017 915 nau-

100 957 255 1009 fragis
271 984 284 1003 ,
323 960 366 995 et
397 957 439 995 si
465 957 541 1009 qui
560 958 604 996 in
633 958 822 997 metallis
850 962 892 996 et
919 957 961 995 si
980 956 1053 1009 qui
1079 956 1124 994 in
1156 956 1309 994 insulis
1341 955 1409 993 vel
1444 955 1490 993 iu
1526 954 1756 1003 custodiis,
1776 968 1777 971 ¹
1796 955 2017 995 duntaxat

112 1047 166 1073 ex
206 1047 336 1073 causa
373 1035 461 1074 Dei
500 1041 632 1075 sectae
674 1037 846 1075 alumni
879 1035 1162 1088 consessionis
1191 1047 1283 1073 suoe
1310 1035 1445 1086 fiunt.
1506 1034 1634 1083 Quam
1677 1032 1843 1084 quidem
1882 1044 2017 1071 arcam

111 1109 347 1163 Cyprianus,
378 1114 445 1164 qui
476 1114 675 1166 sportulas
705 1126 864 1164 quoque
894 1114 1030 1161 habet,
1064 1111 1149 1166 (ep.
1177 1112 1244 1151 39.
1277 1107 1401 1163 extr.)
1433 1112 1601 1152 Corban
1629 1111 1816 1163 appellat,
1845 1108 2017 1165 (Matth.

43 1198 46 1199 ’
110 1188 275 1230 XXVII.
309 1188 371 1244 6.)
414 1192 465 1230 de
498 1205 561 1244 op.
601 1196 644 1231 et
682 1192 873 1231 eleemos.
904 1205 943 1244 p.
974 1191 1069 1230 263.
1104 1191 1329 1241 divitesque
1374 1194 1577 1229 matronas
1617 1190 1722 1227 hanc
1764 1190 2017 1242 negligentes

107 1268 319 1321 vituperat.
376 1270 542 1310 Nullum
569 1271 694 1323 igitur
718 1271 898 1318 dubium,
927 1271 1024 1321 quin
1047 1269 1200 1317 clerici,
1229 1269 1263 1307 si
1280 1268 1400 1320 egeni
1431 1270 1580 1316 essent,
1604 1280 1653 1306 ex
1669 1267 1784 1306 hisce
1802 1267 2018 1307 menstruis

109 1347 377 1387 oblationibus
407 1362 519 1389 suam
546 1363 706 1401 quoque
735 1352 892 1402 partem
921 1348 1176 1401 acceperint3
1210 1347 1318 1397 quod
1342 1347 1519 1398 quidem,
1549 1348 1626 1386 etsi
1653 1359 1735 1386 non
1760 1345 2019 1398 Carthagine,

153 1501 171 1529 ³
192 1505 324 1538 Arcam
349 1506 491 1540 habent
529 1507 730 1551 scriptores
756 1505 930 1541 Romani.
975 1506 1044 1541 Ar-
1184 1516 1220 1549 p.
1246 1502 1325 1538 189.
1374 1503 1418 1537 In
1438 1502 1696 1537 Marmoribus
1720 1502 1941 1547 saepiuscule
1960 1502 2016 1536 le-

200 1585 280 1607 cam
314 1575 470 1609 Senatus
499 1576 724 1611 Aurelianus
753 1578 967 1621 Imperator
1003 1575 1043 1609 in

202 1642 362 1689 epistola
394 1646 495 1689 apud
528 1645 731 1689 Vopiscum
769 1646 808 1680 in
842 1645 924 1679 vita
960 1645 1041 1686 ejus

203 1722 232 1744 c.
254 1711 310 1745 20.
359 1715 490 1747 Arcam
530 1715 754 1758 quaestoriam
788 1713 1041 1758 Symmachus

200 1779 319 1823 Epist.
339 1782 383 1814 X.
406 1782 461 1815 47.
501 1783 633 1816 Arcam
658 1783 831 1825 duplicem
842 1783 1043 1824 Praefecto-

200 1859 280 1880 rum
308 1849 493 1890 Proetorz’o,
520 1849 755 1883 Novell.148.
807 1849 1042 1883 leeatralem

198 1916 344 1952 Novell.
366 1919 435 1954 ⁷57.
472 1923 510 1954 et
550 1919 726 1953 universe
760 1918 801 1952 L.
827 1918 857 1951 I.
889 1920 923 1960 ἓ.
944 1917 977 1951 1.
995 1918 1040 1951 D.

201 1989 296 2021 teste
315 1988 406 2031 Cajo
429 1989 624 2031 omnibus,
650 1988 787 2033 quibus
812 1987 1040 2033 permissum

200 2069 335 2102 corpus
355 2058 498 2092 habere
525 2058 689 2103 collegii,
732 2057 933 2099 societatis,
959 2057 1040 2091 siv-e

199 2127 381 2172 cujusque
409 2128 565 2162 alterius
596 2139 728 2161 eorum
756 2127 920 2169 nomine,
951 2137 1039 2170 pro-

198 2196 325 2240 prium
364 2197 506 2239 fuerit,
550 2197 597 2231 acl
643 2197 862 2240 exemplum
892 2196 1039 2240 Reipu7

179 2252 305 2300 'bl'ica'e
336 2267 476 2300 habere
511 2277 571 2300 res
607 2277 822 2300 communes
849 2269 886 2300 et
911 2276 1037 2300 arcam

200 2346 448 2370 communem.
498 2337 557 2370 Cf.
591 2337 814 2370 Cramerum
848 2334 886 2369 in
923 2335 1037 2369 Com-

198 2405 393 2440 mentariis
420 2406 578 2440 vetustis
609 2406 647 2440 in
672 2405 869 2440 Juvenalis
893 2404 1035 2439 Satiras

198 2475 244 2508 ad
267 2474 342 2508 Sat.
369 2475 413 2508 X.
439 2486 472 2518 p.
493 2475 571 2509 380.
607 2476 755 2510 erudite
791 2476 864 2509 hoc
895 2476 940 2509 de
974 2486 1036 2509 ar-

199 2547 381 2590 gumento
408 2543 672 2587 disputantem.
724 2545 905 2579 Latrones
943 2555 1035 2589 quo-

198 2625 271 2658 que
308 2624 506 2647 commune
542 2614 716 2648 aerarium
753 2627 876 2649 arcam
908 2615 1036 2659 appel-

197 2683 306 2723 lasse,
332 2681 456 2717 innuit
478 2682 660 2726 Apuleju's
680 2683 931 2728 Metamorph.
954 2684 1035 2718 vll.

268 2767 432 2801 mantea-1?
454 2767 660 2800 primm-flia
687 2767 855 2800 Ecclesiae
881 2769 1073 2808 Africana».

1184 1573 1300 1619 gitur.
1344 1573 1407 1607 Sic
1427 1584 1514 1606 arca
1534 1572 1764 1606 Pontificum
1785 1582 2015 1606 commemo-

1183 1648 1291 1677 ratur
1315 1644 1413 1686 apud
1437 1643 1645 1676 Gruterum
1663 1642 1780 1676 Inscr.
1814 1655 1850 1687 p.
1872 1640 1951 1676 ¹765.
1979 1640 2014 1676 5.

1184 1723 1261 1745 noc
1297 1722 1578 1745 ΜοΝνΜΕΝτνΜ
1605 1722 1656 1745 ΝΕ
1686 1722 1736 1745 DE
1762 1722 1918 1745 ΝοΜιΝΕ
1944 1721 2014 1744 no-

1183 1791 1278 1814 srno
1305 1792 1438 1813 EXEAT
1465 1791 1530 1821 9v1
1560 1791 1777 1814 EXTERNVM
1812 1790 2013 1814 mnvcmue

1183 1859 1383 1882 voszm'r
1428 1859 1587 1882 romuli:
1633 1860 1788 1882 nonum:
1832 1859 2012 1883 mrumst*

1183 1929 1318 1952 ARCAE
1345 1929 1593 1952 Poxnmcvm
1619 1930 1725 1952 n—s.
1750 1930 1783 1951 1..
1805 1929 1846 1952 Μ.
1867 1929 1903 1952 Ν.
1951 1917 2014 1952 Sic
2047 1951 2052 1953 ,

1182 1999 1330 2032 quoque
1349 1999 1384 2032 p.
1402 1987 1482 2021 383.
1494 1989 1526 2021 4.
1550 1991 1587 2021 et
1606 1999 1640 2032 p.
1660 1987 1761 2021 1033.
1781 1987 1814 2022 8.
1841 1987 1909 2022 ubi
1931 1999 2011 2022 mr.

1180 2069 1322 2092 Ammn
1348 2069 1382 2091 P.
1410 2068 1444 2091 P.
1470 2068 1564 2092 nom.
1615 2058 1858 2092 Thesaurum
1881 2057 2013 2094 Eccle-

1180 2127 1243 2161 siae
1266 2128 1447 2161 Romanae
1467 2128 1598 2161 Arcam
1619 2138 1766 2171 quoque
1780 2127 2011 2172 appellatum

1179 2196 1320 2238 fuisse,
1348 2197 1462 2229 fidem
1484 2196 1577 2230 facit
1607 2196 1806 2232 Prudentii
1833 2197 2010 2240 Hymnus

1180 2267 1224 2299 (le
1251 2265 1438 2310 Mal-tyrio
1474 2264 1510 2299 S.
1537 2265 1757 2308 Laurentii,
1793 2277 1829 2300 v.
1855 2265 1912 2300 53.
1941 2265 2011 2300 ubi

1176 2335 1383 2370 Praefectus

1243 2406 1483 2441 Laurentium
1514 2406 1594 2439 sisti
1619 2405 1746 2448 jubet:
1772 2401 1776 2404 ⁴

1243 2476 1411 2520 Exquirit
1446 2487 1570 2509 arcam
1613 2476 1745 2510 ditibus

1245 2545 1380 2580 Massis
1404 2547 1602 2588 refertam,
1632 2549 1667 2579 et
1686 2545 1848 2591 fulgida?

1246 2616 1387 2650 Montes
1411 2619 1557 2649 monetae
1584 2615 1752 2664 conditosx

1718 2769 1742 2800 9
