2341 3340
998 139 1098 187 199

99 280 299 322 videntur.
354 281 442 323 Nec
469 283 589 323 unice
613 283 656 323 in
677 279 831 322 Africa.
879 278 984 321 Nam
1013 281 1111 321 licet
1139 284 1181 321 et
1208 281 1414 324 Gnosticae
1435 288 1584 335 sectae,
1616 296 1653 326 v.
1680 299 1714 327 c.
1743 285 1998 333 Marcionitas

97 358 313 400 habuerint
344 361 568 414 Martyres,
606 362 695 401 aliae
723 363 878 407 tamen,
917 363 964 399 ut
996 360 1048 399 de
1075 359 1329 399 Basilidianis
1357 367 1535 403 notatum
1573 364 1701 414 est23,
1741 379 1858 406 omne
1888 368 1998 408 Mar-

96 438 247 489 tyrium
262 440 538 491 repudiarunt.
569 439 718 477 Contra
745 437 979 489 hujusmodi
1005 451 1100 477 vero
1120 438 1308 477 homines
1322 438 1596 481 Tertullianus
1622 456 1724 483 anno
1754 444 1837 484 204
1864 448 1997 488 media

93 518 378 567 persecutione
410 518 558 557 librum
587 516 716 556 edidit
744 515 960 569 Scorpiace
992 516 1256 570 inscriptum,
1292 516 1336 556 in
1367 528 1447 567 quo
1480 531 1619 560 omnes
1649 533 1789 562 eorum
1821 527 1996 578 argutias

93 593 340 635 refutavit24.

269 671 311 712 5.
365 671 518 713 Verum
549 674 754 713 enimvero
783 685 865 713 non
892 672 1024 713 solum
1050 672 1094 712 in
1124 672 1444 713 Christianorum
1472 687 1664 727 personas
1693 679 1872 719 saevitum
1901 681 1996 731 fuit,

92 749 165 790 sed
192 751 235 790 in
265 762 331 790 res
361 764 521 803 quoque
556 765 696 791 eorum
731 763 877 808 sacras.
940 750 1033 790 Hoc
1072 751 1180 789 enim
1208 750 1412 805 Ethnicos
1439 752 1546 791 haud
1589 753 1657 791 diu
1694 754 1821 794 latere
1851 760 1995 808 potuit,

92 840 162 868 eos
185 842 277 868 cum
298 830 467 880 reliquis
491 830 641 868 civibus
665 829 868 868 communi
894 828 1099 880 sepultura
1126 827 1236 867 haud
1262 830 1334 878 uti,
1366 829 1440 869 sed
1468 831 1511 869 in
1530 832 1703 882 propriis
1727 836 1995 884 coemeteriis,

92 918 181 957 quae
208 907 335 947 Areas
364 906 574 954 vocabant,
608 906 802 945 cadavera
830 906 910 944 vita
937 906 1172 945 functorum
1195 908 1382 958 sepelire.
1440 908 1539 947 Inde
1566 910 1773 949 Hilariano
1796 911 1995 952 Procura-

90 985 196 1032 tori,
235 985 303 1035 qui
340 985 432 1023 loco
461 983 633 1023 Minucii
664 984 886 1022 Timiniaui
922 983 1182 1022 Proconsulis
1225 984 1410 1024 defuncti
1434 986 1470 1014 25
1502 988 1571 1039 jus
1610 989 1732 1040 gladii
1769 996 1994 1042 acceperat,

88 1066 192 1102 teste
237 1062 490 1102 Tertulliano
509 1090 521 1111 ,
571 1062 742 1114 populus
789 1061 900 1101 haud
946 1062 1071 1100 dubie
1113 1062 1157 1100 in
1197 1062 1294 1101 ludo
1343 1063 1518 1113 quodam
1569 1065 1681 1105 edito
1732 1067 1991 1107 acclamavit:

86 1140 218 1180 Areoe
253 1154 342 1180 non
370 1143 461 1181 sint
475 1140 536 1188 ²⁶,
575 1141 640 1179 cui
681 1140 844 1190 quidem
873 1140 962 1179 voci
998 1140 1155 1179 Praeses
1186 1141 1308 1179 cessit
1323 1140 1371 1179 ²⁷.
1440 1142 1501 1181 De
1531 1144 1727 1192 ecclesiis,
1761 1157 1850 1195 quae
1883 1145 1992 1185 haud

84 1216 209 1256 dubie
241 1231 289 1257 ea
314 1218 449 1258 adhuc
475 1221 717 1270 tempestate
746 1218 974 1259 Gentilibus
1002 1219 1154 1270 iguotae
1184 1221 1321 1276 erant,
1369 1217 1607 1259 Christianis
1636 1220 1807 1260 ademtis
1838 1223 1897 1261 nil
1924 1236 1991 1264 me

83 1295 222 1348 legere
251 1298 432 1336 memini.

261 1375 302 1415 6.
355 1376 420 1416 Ex
438 1376 622 1416 omnibus
640 1378 776 1415 autem
799 1374 992 1426 colligere
1019 1374 1131 1421 licet,
1159 1371 1270 1412 haud
1296 1385 1435 1414 omnes
1455 1376 1709 1426 magistratus
1731 1377 1991 1420 humanitatis

83 1455 197 1507 leges
223 1454 419 1503 violasse,
462 1467 643 1506 eosque,
684 1454 720 1493 si
749 1452 976 1504 Scapulam,
1008 1452 1078 1503 qui
1113 1452 1292 1502 iniquior
1316 1452 1415 1500 fuit,
1453 1454 1719 1504 excipiamus,
1766 1457 1989 1498 secundum

82 1532 248 1571 decreta
262 1531 427 1584 Trajani
449 1531 728 1570 tantummodo
749 1531 893 1582 egisse.
942 1530 1099 1568 Horum
1120 1529 1206 1580 jam
1232 1530 1456 1581 catalogum
1482 1544 1532 1571 ex
1551 1531 1792 1572 Tertulliani
1814 1527 1918 1574 'libro
1937 1535 1988 1574 ad

82 1609 294 1661 Scapulam
321 1613 526 1657 texemus,
563 1609 760 1657 addituri,
800 1609 835 1647 si
865 1621 941 1659 qua
969 1608 1012 1646 in
1039 1608 1304 1659 scriptoribus
1333 1613 1375 1646 et
1401 1611 1672 1649 monumentis
1702 1610 1754 1650 de
1783 1612 1834 1651 iis
1862 1613 1988 1653 relata

80 1688 294 1727 habentur.
349 1687 495 1728 Verbis
527 1699 623 1726 vero
651 1691 812 1726 utemur
841 1686 1052 1738 ipsissimis
1076 1685 1336 1734 Tertulliani,
1374 1688 1440 1737 qui
1468 1687 1518 1726 ad
1548 1687 1759 1739 Scapulam
1798 1690 1930 1741 capite
1960 1690 1986 1728 4

80 1767 159 1806 ita:
219 1767 389 1817 Quanti
409 1772 552 1806 autem
574 1766 785 1819 praesides
814 1771 858 1805 et
881 1750 1201 1805 constantiores
1234 1770 1277 1804 et
1307 1765 1574 1805 crudeliores
1601 1767 1985 1809 dissimulavermzt

81 1845 132 1884 ab
158 1843 407 1897 hujusmodi
428 1843 604 1898 causis?
646 1842 704 1883 Ut
737 1844 910 1882 Cincius
938 1843 1142 1889 Severus,
1179 1844 1252 1895 qui
1278 1843 1447 1882 Thistri
1478 1843 1647 1891 (Africae
1678 1844 1984 1887 Proconsularis

79 1919 202 1973 urbe)
239 1923 330 1975 ipse
365 1921 485 1961 dedit
524 1921 791 1968 remedium,
835 1920 1039 1974 quomodo
1077 1920 1393 1973 responderent
1437 1921 1698 1970 Christiani,
1740 1928 1790 1963 ut
1821 1923 1986 1964 dimitti

79 2006 288 2054 possent5
333 2007 384 2041 uc
425 1998 689 2052 Vespronius
728 1999 975 2048 Candidus,
1023 2000 1100 2052 qui
1134 1999 1457 2045 Christianum,
1507 2002 1631 2053 quasi
1670 2003 1981 2042 tumultuosum

80 2078 240 2117 civibus
268 2077 356 2116 suis
382 2078 661 2128 satisfacere,
709 2078 873 2117 dimisit
890 2093 907 2118 .-
948 2084 998 2117 ut
1022 2079 1192 2130 Asper,
1234 2078 1308 2129 qui
1329 2077 1491 2116 modice
1525 2083 1726 2118 ven-atum
1754 2080 1980 2126 hominem,

79 2161 123 2195 et
150 2156 300 2194 statim
330 2154 565 2207 dejectum,
605 2167 686 2194 nec
713 2157 972 2209 sacrificium
1005 2155 1210 2203 compulit
1232 2156 1414 2207 facere,
1461 2161 1565 2193 ante
1596 2157 1825 2208 professus
1863 2158 1980 2196 inter

77 2233 311 2274 advocatos
332 2238 376 2273 et
407 2232 666 2280 adsessores,
703 2232 850 2272 dolere
877 2248 924 2273 se
953 2234 1155 2273 incidisse
1180 2233 1225 2270 in
1255 2232 1368 2271 hanc
1395 2245 1579 2272 causam.
1645 2234 1819 2273 Pudens
1848 2236 1978 2274 etiam

99 2360 136 2390 ²³
159 2359 381 2394 Kirchliche
399 2360 561 2409 Alter-th.
585 2363 652 2396 der
670 2362 874 2396 Gnostiker
894 2376 928 2407 p.
947 2364 1003 2399 49.
1076 2362 1111 2390 2ss
1137 2362 1225 2406 Cap.
1246 2361 1280 2396 ὃ.

98 2429 135 2459 ²4
157 2430 297 2464 Neand.
319 2431 362 2466 G.
376 2430 410 2464 d.
420 2430 465 2464 T.
490 2443 525 2475 p.
536 2430 615 2467 138.
638 2434 676 2466 et
696 2431 819 2476 Episc.
834 2432 1001 2468 Lincoln.
1109 2437 1136 2460 ὁ

166 2512 202 2545 p.
225 2499 305 2534 151.
325 2511 427 2544 sequ.
1071 2499 1108 2527 2⁷
1130 2499 1189 2533 Ad
1210 2498 1411 2543 Scapulam
1445 2512 1474 2534 c.
1498 2499 1532 2535 3.
1579 2501 1719 2536 Praeses
1741 2502 1974 2546 appellatum

95 2567 132 2597 ²5
155 2569 269 2603 Hunc
294 2568 385 2603 fasti
411 2568 601 2603 omittunt.
649 2568 854 2604 Morcellus
880 2582 916 2615 p.
940 2570 997 2605 54.
1139 2568 1179 2602 in
1215 2568 1307 2602 actis
1337 2568 1373 2603 S.
1406 2569 1442 2604 S.
1473 2570 1669 2615 Perpetuae
1702 2575 1739 2606 et
1767 2571 1974 2606 Felicitatis

163 2637 281 2672 Notus
321 2642 377 2671 est
410 2649 455 2673 ex
490 2637 582 2673 actis
613 2636 650 2672 S.
674 2637 711 2672 S.
736 2638 931 2684 Perpetuae
961 2644 999 2674 et
1141 2637 1265 2674 Judex
1284 2637 1402 2673 audit.

163 2706 386 2743 Felicitatis.
