2341 3340
1192 132 1258 176 34

801 314 806 317 Α
984 270 1035 327 C
1058 270 1114 326 A
1133 269 1206 326 P.
1283 269 1342 324 V
1361 269 1394 325 I
1415 269 1466 327 I.

442 381 447 383 ·
513 372 696 439 Annus
752 368 1226 413 cumsrlANORUM
1283 367 1492 410 sACRAE.
1551 366 1936 409 cosMuTEmA.

267 553 305 593 1.
361 524 460 596 De
491 546 648 588 aedibus
673 545 799 586 sacris
818 543 1145 604 Christianorum
1166 541 1362 582 Afrorum
1390 543 1524 595 prisca
1549 542 1621 581 illa
1647 544 1768 582 aetate
1796 541 1855 582 nil
1885 540 1987 581 certi
2015 542 2188 588 constat,

263 630 448 681 nihilque
475 625 652 667 traditur
680 624 791 676 quod
809 637 832 664 a
861 621 1159 663 consuetudine
1180 624 1422 661 caeterarum
1432 621 1710 660 Ecclesiarum
1738 634 1812 673 per
1827 621 2034 673 Europam
2065 622 2187 671 atque

262 709 447 750 Africam
479 705 736 745 conditarum
764 704 982 755 discrepet.
1043 701 1231 741 Basilicae
1259 701 1344 740 illae
1377 700 1750 752 Carthaginienses,
1780 701 1825 739 in
1856 699 2001 751 quibus
2031 697 2190 750 sepulta

262 788 436 841 legimus
470 785 701 837 Martyrum
743 782 1046 822 scillitanorum
1085 784 1209 831 atque
1255 778 1297 818 S.
1326 779 1368 818 S.
1393 779 1619 832 -Perpetuae
1662 783 1705 819 et
1735 779 1962 819 Felicitatis
2003 789 2189 829 corpora,

263 866 430 908 serioris
465 866 580 904 certe
612 865 709 901 sunt
744 862 888 901 aetatis.
969 859 1196 910 Cyprianus
1233 859 1343 899 enim
1380 859 1423 898 in
1453 859 1560 898 libro
1598 858 1650 899 ad
1684 857 1989 898 Demetrianum
2025 868 2065 907 p.
2093 854 2190 893 190.

264 946 393 986 dicit:
454 944 543 984 Dei
576 941 743 982 altaria
785 940 856 979 vel
896 939 1023 978 mella
1053 942 1189 984 sunt,
1235 938 1303 976 vel
1347 939 1519 977 occulta
1532 951 1549 983 ;
1597 938 1708 976 unde
1736 940 1876 989 patet,
1927 935 2017 988 ejus
2054 933 2189 973 adhuc

262 1027 383 1065 aetate
409 1020 663 1060 Christianos
691 1018 818 1058 Afros
846 1016 957 1056 nulla
985 1015 1177 1055 habuisse
1204 1015 1367 1067 publica
1394 1015 1567 1067 templa,
1604 1015 1678 1054 sed
1707 1016 1880 1068 privatas
1909 1012 2189 1054 tantummodo

262 1101 373 1142 aedes
391 1129 404 1149 ‚
452 1099 497 1138 in
536 1110 705 1150 quarum
745 1092 963 1153 ὑπερῷοις
1005 1105 1096 1133 rem
1141 1092 1321 1132 divinam
1364 1092 1564 1140 facerent.
1650 1093 1736 1133 Illis
1771 1106 1869 1132 vero
1913 1106 2008 1132 cum
2053 1093 2190 1132 verbis

261 1180 534 1222 subobscurus
559 1177 676 1216 locus
703 1176 747 1215 in
774 1175 879 1214 libro
909 1176 1050 1212 contra
1068 1172 1377 1213 Valentinianos
1410 1185 1448 1212 c.
1468 1172 1508 1212 3.
1537 1185 1719 1226 pugnare
1746 1172 1920 1220 videtur,
1948 1171 2021 1211 ubi
2049 1174 2191 1211 auctor

260 1274 353 1301 suoe
388 1257 591 1299 columbae
622 1256 793 1296 domam
827 1251 1077 1301 absconditis
1111 1251 1385 1303 lucifugisque
1418 1251 1567 1291 horum
1598 1252 1887 1291 haereticorum
1924 1251 2026 1290 locis
2065 1250 2191 1290 sacris

262 1339 455 1392 opponit,
501 1347 671 1387 eamque
698 1334 937 1388 simplicem
966 1333 1013 1371 in
1054 1331 1185 1371 editis
1213 1344 1382 1385 semper
1420 1336 1463 1370 et
1495 1333 1663 1386 apertis
1696 1337 1741 1371 et
1770 1331 1829 1371 ad
1866 1332 2006 1370 lucem
2033 1328 2191 1369 asserit.

263 1419 365 1469 Quae
405 1419 542 1457 autem
580 1414 705 1454 verba
743 1411 1016 1465 posteriorem
1055 1409 1259 1461 Cypriauo
1304 1411 1466 1449 aetatem
1509 1409 1691 1449 indicare
1722 1407 1952 1449 videnturl.
2008 1408 2065 1447 Hi
2093 1419 2190 1446 vero

262 1497 344 1535 loci
360 1495 685 1534 Christianorum
713 1492 817 1532 sacri
839 1492 883 1531 in
911 1491 1081 1530 urbibus
1101 1490 1284 1541 vicisque
1317 1490 1512 1538 extitere,
1541 1492 1588 1528 ut
1611 1489 1771 1528 occasio
1795 1489 1912 1528 tulit:
1950 1488 1993 1526 in
2021 1486 2192 1527 urbibus

262 1575 413 1627 passim
434 1573 747 1621 commodiores,
776 1572 820 1610 in
841 1571 956 1619 vicis,
985 1573 1031 1609 ut
1045 1570 1276 1624 Mappalia
1297 1568 1491 1608 Afrorum
1501 1566 1531 1616 ²,
1562 1571 1684 1619 atque
1709 1568 1907 1619 templum
1926 1568 1972 1606 in
1993 1572 2191 1607 extrema

265 1655 577 1707 Cyrenaeorum
609 1665 688 1691 ora
718 1649 826 1702 apud
857 1647 1083 1700 Sulpicium
1111 1647 1309 1686 Severum
1336 1647 1495 1698 Dialog.
1527 1646 1557 1685 I.
1589 1659 1624 1685 c.
1642 1646 1689 1703 2.
1718 1647 1875 1686 vilibus
1907 1651 2070 1686 tectum
2101 1647 2191 1685 vir-

262 1732 414 1785 gultis,
473 1729 650 1769 Nomina
682 1729 904 1768 oc'currunt
935 1726 1042 1778 apud
1069 1725 1392 1765 Tertullianum:
1449 1726 1618 1765 Domus
1643 1725 1850 1765 columbae
1878 1722 1989 1778 (adv,
2010 1724 2193 1766 Valenti-

262 1810 406 1849 nianos
429 1821 464 1848 c.
478 1808 518 1847 3.
548 1806 605 1863 (si
633 1818 776 1846 revera
797 1805 921 1857 hujus
949 1804 1045 1844 libri
1071 1807 1215 1843 auctor
1240 1806 1303 1842 est
1325 1799 1560 1855 habendus)
1589 1804 1757 1842 Domus
1774 1804 1864 1842 Dei
1890 1801 1966 1857 (de
1995 1805 2192 1854 pudicitia

312 1965 328 1993 1
353 1964 471 2000 Addit
491 1977 500 1999 2
542 1965 651 1999 Amat
671 1963 844 2008 figuram
880 1962 1037 2007 Spiritus
1062 1960 1204 2000 Sancti,
1299 1959 1317 1987 2
1340 1959 1396 1992 De
1414 1957 1658 2003 Mappalibus
1683 1970 1719 1993 v.
1741 1959 1899 1993 Casselii
1918 1959 2123 1995 Exercitat.
2143 1962 2190 1996 de

358 2036 529 2070 orientem
558 2033 696 2068 Christi
742 2043 889 2077 garam.
918 2031 1079 2065 Sensum
1098 2029 1205 2064 haud

359 2115 550 2149 assequor.
580 2103 605 2136 J
608 2102 719 2135 unius
737 2106 775 2135 ct
794 2101 1034 2147 Binghamus
1047 2098 1202 2144 (origg.

361 2180 398 2211 et
412 2174 561 2218 Antiqq.
582 2172 724 2206 Eccles.
746 2172 909 2206 VolJII.
931 2183 966 2215 p.
981 2169 1080 2214 116.)
1102 2170 1203 2214 figu-

360 2256 445 2279 ram
483 2242 650 2288 Spiritus
682 2241 812 2277 Sancti
846 2241 891 2275 de
921 2240 1010 2285 igne
1044 2243 1082 2273 et
1118 2238 1206 2271 luce

360 2315 646 2350 intellexerunt.
705 2311 840 2346 Oriens
882 2309 1028 2344 Christi
1080 2309 1206 2353 figura

361 2383 534 2419 fortassis
561 2382 679 2417 aedcm
709 2392 843 2415 versus
872 2379 1098 2414 orientalem
1123 2378 1205 2422 pla-

361 2465 451 2501 gam
477 2455 708 2486 exstructam
734 2450 930 2485 indicabit.
979 2450 1037 2483 cf.
1055 2448 1205 2482 Schema

363 2522 850 2566 Gcschichtsforschungen
876 2520 970 2554 iiber
994 2519 1055 2552 die
1072 2518 1204 2552 kirch-

362 2594 490 2628 lichen
524 2591 754 2626 Gcbriiuche
792 2591 869 2624 und
897 2589 1205 2633 Einrichtungen

360 2665 390 2697 Ι.
421 2676 457 2707 p.
479 2661 558 2697 298.
620 2662 664 2695 In
707 2661 818 2695 editis
852 2659 945 2693 locis
991 2658 1204 2702 Synagogae

362 2743 510 2778 quoquc
532 2731 753 2766 Judaeorum
780 2731 981 2764 exstructae
1005 2728 1200 2773 leguntur.

1347 2028 1534 2073 Tuguriis
1547 2028 1784 2071 Maurorum,
1810 2028 1977 2073 Mapalia
2002 2033 2039 2063 et
2055 2030 2190 2076 Maga-

1345 2098 1400 2132 lia
1426 2097 1549 2131 dictis.
1565 2097 1861 2143 magdeb.1736.
1889 2098 2060 2132 Nominis
2085 2100 2191 2134 ducit

1346 2172 1502 2212 etymon
1521 2179 1544 2203 a
1561 2168 1688 2203 radice
1710 2168 1873 2202 Arabica
1891 2139 1986 2230 {b
2009 2169 2189 2211 dissecuit,

1349 2238 1536 2280 concc'dl't5
1581 2239 1680 2273 unde
1716 2238 1871 2283 Syl-iace
1901 2224 1938 2273 et
1971 2239 2190 2283 chaldaice,

1349 2309 1485 2349 colere,
1517 2309 1679 2353 operari,
1718 2309 1904 2349 laborare,
1941 2308 1996 2342 ita
2027 2312 2070 2342 ut
2098 2306 2189 2348 5⁷:372

1348 2377 1397 2415 sit
1416 2379 1590 2423 agricolae
1615 2379 1817 2424 tugurium,
1852 2378 1891 2411 in
1918 2378 2026 2421 cujus
2048 2377 2190 2412 vicinia

1346 2451 1490 2482 terram
1517 2447 1617 2482 colit.
1672 2447 1735 2481 Sic
1761 2459 1908 2491 quoque
1930 2459 2089 2493 magnus
2111 2447 2188 2481 Bo—

1348 2518 1504 2551 chai-tus
1525 2517 1676 2562 phaleg
1697 2521 1733 2551 et
1752 2517 1901 2551 Canaan
1920 2530 1954 2562 p.
1967 2517 2047 2551 733.
2073 2516 2188 2551 Modo

1347 2586 1572 2621 Maurorum
1609 2587 1745 2633 lingua
1784 2588 1916 2621 eadem
1952 2586 2071 2620 fuerit
2101 2599 2188 2622 cum

1346 2656 1513 2692 Punica!
1555 2668 1627 2702 qua
1657 2658 1703 2691 tle
1729 2669 1771 2691 re
1793 2657 1905 2691 valde
1935 2655 2080 2699 dubim.
