2341 3340
1178 92 1244 142 28

423 234 677 289 Presbyteri
706 246 868 287 quoque
900 237 942 275 et
970 236 1165 276 Diacom·
1189 234 1374 275 nonnulii
1404 233 1762 288 Carthaginienses
1803 237 1896 273 ante
1923 231 2172 286 Cyprianum

239 318 444 370 leguntur.
508 314 565 354 Et
603 316 912 357 Tertullianus
949 316 1118 368 quidem
1167 315 1276 354 inter
1310 314 1512 353 Ecclesiae
1551 313 1758 354 Africanae
1797 313 1988 353 doctores
2019 314 2174 366 prim-us

241 400 316 436 est.
374 394 589 449 Aspasiae
617 392 858 445 Presbyter,
888 395 959 447 qui
982 396 1024 434 in
1047 394 1243 434 Passione
1273 391 1315 432 S.
1332 392 1373 432 S.
1399 392 1617 445 Perpetuae
1650 396 1692 432 et
1715 392 1943 433 FelicItatis
1963 390 2174 433 Doctor1⁰

243 475 457 526 (nimirum
496 471 912 526 catechumenorum)
960 474 1101 522 audit,
1148 473 1298 525 quique
1337 472 1655 511 controversiam
1700 472 1845 512 habuit
1887 485 1981 511 cum
2024 470 2174 524 Optato

242 554 447 607 Episcopo
466 582 477 602 ‚
528 564 648 604 quam
697 555 938 606 ceteroquin
990 564 1155 605 prorsus
1196 552 1441 603 ignoramus.
1535 551 1759 595 Saturnus
1813 554 1856 590 et
1897 552 2176 592 Saturninus

243 632 483 684 Presbyteri
525 633 595 671 aut
633 630 804 670 Diaconi
850 630 1208 682 Carthaginienses
1248 630 1377 668 fuisse
1413 629 1604 668 videntur
1617 628 1666 668 ¹1.
1738 631 1939 671 coecilius
1984 625 2178 681 Cypriani

244 712 411 760 amicus,
450 725 473 751 a
502 723 582 762 quo
611 711 661 750 ad
696 710 1018 763 amplectendam
1046 709 1289 760 religionem
1314 707 1589 747 Christianam
1617 708 1819 748 adductus
1842 709 1936 756 fuit,
1982 708 2180 760 cujusque

243 803 395 831 nomen
424 789 617 838 adscivit,
668 789 719 828 de
754 802 833 841 quo
863 789 956 828 vide
986 787 1049 826 Jo.
1078 787 1299 827 Cestriens.
1323 789 1366 826 in
1398 788 1529 827 annal.
1555 787 1676 839 Cypr.
1701 801 1739 839 p.
1762 788 1823 835 6.;
1864 787 1976 826 idem
2005 787 2179 826 forsitan

246 883 368 922 quem
409 869 745 909 interlocutorem
786 868 911 907 habet
943 867 1151 906 Minucius
1189 867 1309 906 Felix
1353 868 1398 906 in
1435 867 1737 919 elegantissimo
1770 866 1941 919 Dialogo
1972 867 2180 907 Octavius

244 950 440 1001 inscripto
450 949 497 986 12.
557 948 648 1000 Ipse
665 949 928 1002 Cyprianus,
947 946 1030 996 qui,
1056 949 1271 997 antequam
1297 945 1348 984 ad
1367 945 1575 985 Christum
1606 949 1715 984 esset
1733 958 1964 994 conversus,
1994 956 2180 997 magnam

247 1029 326 1068 sibi
369 1029 540 1080 gloriam
577 1041 627 1066 ex
662 1029 759 1067 artis
802 1028 991 1067 oratoriae
1034 1025 1293 1079 professione
1342 1024 1588 1076 quaesierat,
1641 1028 1687 1063 ut
1725 1024 1850 1063 habet
1884 1024 2118 1064 Lactantius
2134 1020 2182 1061 1³.

246 1106 335 1147 Nec
367 1107 515 1159 injuria
550 1107 767 1147 Victorem
797 1108 1055 1146 notissimum
1094 1106 1212 1144 illum
1246 1103 1496 1156 Episcopum
1526 1103 1780 1152 Romanum,
1821 1104 1890 1153 qui
1920 1103 2023 1142 Afer
2053 1102 2184 1141 fuisse

246 1186 501 1238 perhibetur,
531 1185 747 1237 aliquando
769 1186 813 1224 in
829 1186 952 1225 Clero
976 1184 1305 1236 Carthaginiensi
1335 1187 1591 1222 numeratum
1611 1183 1740 1222 fuisse
1762 1183 1968 1235 conjicere
1984 1179 2180 1233 licebit323

248 1269 295 1304 ut
323 1268 366 1304 et
395 1266 771 1313 Commodianum,
811 1266 975 1317 poetam
1005 1264 1302 1310 Christianum,
1345 1263 1413 1313 qui
1442 1274 1492 1300 ex
1520 1263 1810 1314 plerorumque
1846 1262 2047 1301 sententia
2080 1259 2185 1300 Afer

249 1343 331 1383 fuit
373 1347 416 1382 et
447 1342 640 1395 Cypriani
680 1345 848 1396 aequalis
865 1343 912 1382 15.
991 1343 1037 1383 In
1081 1343 1147 1382 his
1191 1342 1390 1381 Eeclesiae
1423 1340 1770 1393 Carthaginiensis
1807 1340 2067 1393 Presbyteris
2104 1339 2185 1380 fuit

251 1435 415 1475 quoque
428 1425 644 1471 Novatzcs,
676 1424 720 1462 in
743 1424 961 1463 schismate
981 1422 1206 1461 Novatiano
1232 1421 1313 1460 dux
1342 1421 1541 1473 partium3
1574 1420 1625 1459 (le
1650 1432 1730 1470 quo
1760 1420 1925 1470 quidem
1955 1421 2066 1460 haud
2095 1421 2184 1460 sine

250 1501 532 1554 indignatione
568 1504 775 1553 animique
810 1503 1084 1542 commotione
1120 1501 1244 1540 verba
1287 1500 1387 1540 facit
1417 1499 1671 1551 Cyprianus,
1707 1511 1882 1550 eumque
1912 1501 2183 1552 pessimorum

251 1581 499 1634 flagitiorum
526 1581 570 1620 in
598 1581 741 1621 Africa
773 1582 1082 1620 commissorum
1110 1582 1298 1628 incusat5
1332 1579 1449 1631 epist.
1478 1577 1546 1617 52.
1577 1592 1618 1630 p.
1647 1577 1742 1619 95.:
1790 1590 1907 1630 quae,
1945 1580 2044 1618 licet
2070 1579 2183 1619 forte

233 1818 236 1819 γ
278 1765 314 1794 10
337 1766 449 1812 Apud
470 1767 714 1802 Ruinartum.
729 1779 763 1811 p.
776 1767 834 1802 92.
859 1767 1037 1801 Morcelli
1049 1769 1079 1801 I.
1091 1780 1126 1811 p.
1137 1767 1194 1801 45.
1269 1766 1304 1795 14
1329 1766 1602 1800 Cf.Tillemont
1614 1766 1820 1799 Memoires
1829 1767 1944 1809 111.p.
1955 1768 2011 1799 44.
2024 1766 2188 1810 Jouephi

1307 1868 1311 1871 ,
1342 1836 1452 1877 Zolae,
1479 1835 1652 1880 theologi
1674 1835 1887 1869 Ticinensis
1917 1836 2185 1880 eruditissimi,

281 1896 315 1926 11
351 1898 397 1933 1¹1
447 1898 704 1943 manuscripto
766 1899 896 1933 codice
944 1899 1197 1934 Bibliothecae
1342 1904 1646 1939 Commentarios
1698 1906 1744 1939 de
1792 1906 1907 1939 rebus
1956 1906 2187 1941 Christianis

351 1968 481 2003 Sancti
506 1968 669 2002 Victoris
687 1968 859 2011 Parisiis,
892 1968 958 2013 qui
988 1968 1025 2003 S.
1047 1969 1084 2003 S.
1104 1970 1198 2003 Per-
1344 1980 1430 2009 ante
1472 1974 1762 2009 Constantinum
1800 1975 1852 2009 M.
1878 1976 1928 2009 II.
1961 1988 1997 2020 p.
2031 1976 2111 2010 424.
2148 1981 2187 2013 et

352 2041 476 2084 petuae
499 2041 536 2072 et
548 2038 760 2072 Felicitatis
782 2039 1002 2072 Passionem
1019 2039 1199 2081 continet,
1344 2046 1574 2079 Morcellum
1598 2044 1627 2078 Ι.
1653 2056 1688 2089 p.
1711 2044 1767 2079 42.
1803 2044 1870 2089 qui
1901 2044 2042 2081 Afrum
2067 2046 2187 2082 fuisse

356 2108 519 2153 Satyrus
545 2111 582 2142 et
609 2107 848 2154 Saturninus,
875 2109 950 2142 duo
973 2110 1112 2142 fratres
1132 2120 1200 2154 ap-
1345 2115 1549 2149 existimat,

356 2179 552 2223 pellantur
568 2179 790 2212 venerabiles
812 2180 903 2220 viri,
933 2179 970 2212 id
995 2180 1094 2223 quod
1115 2180 1201 2212 Cle-

354 2248 453 2283 ricos
466 2247 637 2282 indicare
648 2247 814 2282 videtur.
836 2248 995 2283 v.Lucae
1007 2249 1203 2283 Holstenii
1276 2270 1312 2300 15
1341 2270 1516 2306 Oelrichs
1538 2272 1583 2305 de
1597 2271 1845 2316 scriptoribus
1862 2272 2186 2319 Echatoprior·

357 2318 564 2353 editionem
593 2317 784 2351 Passionis
809 2318 846 2352 S.
873 2318 910 2352 S.
932 2318 1131 2363 Perpetuae
1165 2322 1203 2353 et

357 2387 570 2423 Felicitatis
596 2385 722 2430 (Pu-is
761 2387 884 2433 1664)
912 2399 935 2431 P
970 2387 1017 2423 Ἃ)
1347 2353 1412 2377 sex
1434 2342 1570 2376 seculis
1595 2354 1629 2386 p.
1644 2344 1700 2376 44.
1747 2342 2029 2377 Schurzfleisch
2058 2344 2097 2378 in
2128 2345 2186 2379 ed.

1346 2412 1645 2446 Instructionum
1656 2412 1740 2446 adv.
1754 2412 1935 2447 Gentium
1946 2413 2054 2448 Deos,
2066 2413 2188 2448 Wite-

290 2505 326 2534 12
350 2506 405 2539 De
431 2515 474 2539 0⁰
498 2503 587 2539 vide
613 2504 844 2539 Morceuum
865 2504 915 2539 H.
935 2517 971 2550 P·
986 2503 1043 2540 75·
1066 2507 1104 2540 et
1123 2504 1204 2540 142·
1348 2482 1477 2527 bcrgae
1502 2481 1604 2516 1705.
1628 2483 1817 2527 Quantam
1843 2483 2103 2518 celebritatem
2124 2483 2190 2518 hic

1348 2556 1480 2585 nactus
1501 2551 1633 2594 fuerit,
1659 2553 1785 2587 velex
1811 2564 1854 2587 eo
1877 2555 1993 2597 patet,
2023 2553 2123 2596 quod
2149 2552 2189 2587 in

292 2623 326 2651 13
349 2622 473 2658 Instit.
495 2621 582 2657 Div.
613 2622 655 2656 V.
678 2623 712 2657 1.
1143 2644 1146 2646 v
1351 2623 1501 2657 decreto
1524 2621 1668 2657 Gelasii
1688 2621 1782 2657 libri
1796 2622 1877 2666 ejus
1891 2621 2079 2666 prohibiti
2092 2625 2190 2658 sunt.
