2341 3340
1161 146 1260 192 158

250 296 292 331 et
317 291 459 344 Diogae
490 289 843 342 Leptimagnensis
874 287 917 327 in
933 287 1200 341 Tripolitana,
1230 291 1306 342 qai
1332 290 1420 344 ipsi
1440 289 1762 330 mandaverunt
1793 302 1974 344 corpore
2002 289 2171 342 quidem

251 371 449 411 absentes
475 370 554 411 sed
580 370 744 424 spiritu
777 375 1038 422 praesentes,
1078 371 1171 407 vota
1203 366 1386 417 emisit33
1437 372 1480 407 et
1509 372 1674 420 propter
1702 368 1880 420 inopiam
1908 366 2174 419 Tripolitanae

247 449 469 501 provinciae
513 453 556 489 et
588 450 779 501 exiguum
817 448 1100 500 episcoporum
1138 460 1355 487 numerum
1390 449 1472 487 hoc
1516 449 1558 487 in
1600 446 1939 486 consuetudinem
1974 445 2094 494 abiit,
2131 450 2176 484 ut

249 540 354 567 unus
384 532 540 568 tantum
569 529 783 580 episcopus
812 527 987 566 concilio
1016 527 1247 576 interesset,
1280 540 1432 577 suaque
1467 540 1513 566 ac
1541 527 1788 579 collegarum
1818 528 1910 564 vota
1931 524 2177 564 emitteret&

429 608 470 647 3.
535 607 793 647 Procedente
831 611 1017 660 tempore
1057 607 1227 646 invaluit
1270 605 1554 655 consuetudo,
1598 609 1644 645 ut
1678 605 1925 657 Carthagine
1961 604 2004 642 in
2035 604 2177 654 ‘quavis

251 687 408 739 syuodo
454 689 634 741 generali
679 701 819 728 omnes
859 687 1107 740 synodorum
1147 686 1196 725 ab
1241 686 1389 725 eodem
1435 686 1629 738 episcopo
1673 685 1967 723 celebratarum
2001 695 2179 723 canones

251 770 539 819 repeterentur
559 797 569 817 ,
613 769 796 819 actisque
826 768 1132 814 insererentur3
1179 766 1224 805 id
1264 765 1372 818 quod
1401 765 1443 804 in
1474 765 1576 803 actis
1610 763 1755 815 synodi
1784 774 1889 801 anno
1918 761 2002 801 418
2028 762 2179 803 habitae

252 846 506 886 observatum
537 844 761 898 legimus5:
813 860 931 898 quem
965 858 1063 885 vero
1095 848 1253 884 m'orem
1288 845 1399 884 haud
1431 843 1534 883 adeo
1569 843 1699 882 fuisse
1737 845 1948 880 recentem
1985 842 2180 894 suspicor,

253 938 375 977 quum
415 926 647 974 antiquiore
698 927 819 962 aetate
859 924 1117 974 frequentior
1166 935 1368 962 canonum
1407 923 1600 975 repetitio
1650 922 1779 973 magis
1821 920 2008 959 videatur
2053 920 2182 961 fuisse

252 1004 510 1051 necessaria,
561 1015 681 1054 quam
713 1006 881 1054 postea,
924 1002 996 1041 ubi
1029 1013 1229 1040 canonum
1265 1005 1471 1052 congestae
1502 1002 1588 1053 jam
1628 1002 1765 1039 essent
1806 1000 2091 1048 collectiones,
2138 1005 2184 1039 ut

253 1083 463 1136 Fulgentii
491 1079 738 1128 Ferrandiss,
782 1084 902 1132 atque
941 1078 1203 1128 C1-esc0nii‘1;
1252 1078 1448 1118 Codicem
1487 1078 1696 1117 Canonum
1731 1078 1934 1117 Ecclesiae
1975 1078 2213 1119 Africana

252 1165 299 1201 ut
328 1165 556 1211 taceamus,
590 1162 659 1214 qui
690 1160 856 1200 decreta
886 1160 1070 1199 continet
1101 1158 1258 1210 Synodi
1286 1157 1634 1210 Carthaginiensis
1669 1169 1774 1196 anno
1807 1156 1891 1195 419
1927 1155 2182 1199 celebrataefl.

253 1241 472 1293 Antiquior
502 1254 599 1281 vero
635 1240 747 1280 haud
785 1240 908 1279 dubie
937 1239 1007 1278 illa
1037 1242 1126 1277 erat
1161 1238 1445 1286 consuetudo,
1484 1241 1531 1277 ut
1567 1236 1769 1290 episcopis
1808 1235 2073 1286 clericisque,
2113 1237 2183 1287 qui

256 1320 560 1372 ordinabantur,
588 1322 714 1375 prius,
741 1321 822 1360 hoc
842 1323 905 1358 est
927 1322 1020 1358 ante
1039 1317 1350 1366 ordinationem,
1379 1317 1546 1356 decreta
1561 1316 1827 1355 conciliorum
1841 1315 2183 1367 preelegerentur3

256 1412 348 1451 quce
378 1400 543 1450 quidem
573 1400 824 1440 consuetudo
853 1400 896 1448 in
931 1398 1087 1438 Codice
1114 1397 1314 1436 Ecclesiae
1333 1396 1538 1435 Africanae
1568 1395 1720 1434 sancita
1748 1380 1936 1446 legitur9.
1995 1393 2042 1434 In
2069 1394 2185 1434 hisce

254 1478 380 1531 igitur
410 1478 607 1518 canonum
640 1479 950 1518 collectionibus
981 1477 1147 1516 decreta
1179 1476 1323 1516 haberi
1351 1476 1623 1527 antiquiorum
1649 1478 1691 1512 et
1719 1474 1784 1512 vel
1812 1474 2186 1525 antiquissimorum

258 1556 536 1597 Conciliorum
557 1558 857 1606 Africanorum,
897 1558 964 1596 vix
992 1557 1145 1609 poterit
1173 1556 1216 1595 in
1245 1555 1412 1594 dubium
1441 1553 1591 1601 vocari,
1630 1553 1666 1592 si
1694 1552 1817 1591 modo
1841 1565 1864 1591 a
1887 1553 2185 1592 recentioribus

259 1659 2184 1677 ,ξω-...ἐμψ-

303 1722 322 1750 3
346 1724 530 1770 Cypriani
562 1724 690 1770 Opera
714 1736 750 1770 p.
773 1723 855 1758 242.
880 1721 960 1757 241.
1294 1718 1312 1748 5
1336 1719 1516 1765 Spittlers
1539 1720 1770 1756 Geschichte
1797 1721 1862 1755 des
1884 1720 2027 1766 1ζῑιῐιοῐιΙχ
2041 1716 2186 1752 Rechts

1368 1816 1377 1824 .
1403 1789 1461 1824 75.

304 1846 323 1873 4
347 1845 410 1883 Sic
434 1847 473 1882 in
498 1845 984 1885 Cod.CanonumEcclesiae
997 1843 1198 1885 Africanae,
1294 1859 1311 1887 6
1337 1802 1499 1904 gpittler
1525 1858 1551 1893 1.
1574 1870 1604 1893 c.
1637 1871 1673 1904 p.
1698 1859 1780 1895 196.

354 1929 434 1952 can.
460 1919 517 1952 14.
546 1919 625 1952 lata
654 1918 849 1953 invenitur
877 1918 939 1952 lex
973 1926 995 1950 a
1028 1913 1199 1949 Concilio
1296 1950 1314 1979 7
1338 1950 1485 1986 chkii
1506 1951 1774 1988 comment'de
1794 1951 1989 1987 cresconii
2002 1951 2184 1987 concord.

353 1988 535 2034 Carthag.
569 1987 603 2022 3.
651 1999 731 2033 cap.
763 1987 797 2023 2.
848 1987 951 2032 apud
1001 1985 1202 2021 Labbeum

354 2057 499 2092 Concil.
525 2058 647 2092 'I'omo
680 2058 731 2092 II.
760 2054 866 2092 1056.
923 2058 1015 2092 Item
1044 2054 1202 2100 placuit,

353 2128 398 2162 cle
427 2129 587 2172 Tripoli,
624 2132 774 2172 propter
803 2127 960 2172 inopiam
993 2124 1203 2171 provinciae,

1345 2021 1541 2056 canonum
1572 2021 1728 2066 ejusque
1758 2023 1839 2057 cod.
1859 2022 2118 2066 manuscripto
2149 2021 2185 2055 in

1347 2090 1484 2135 Opusc.
1515 2091 1692 2126 Academ.
1723 2104 1760 2137 p.
1783 2090 1863 2126 167.
1910 2090 2073 2136 Spittler
2101 2090 2126 2125 l.
2154 2101 2184 2124 c.

1348 2173 1383 2205 p.
1411 2161 1493 2196 164.

1300 2245 1319 2273 9
1343 2246 1504 2291 Spittler
1527 2244 1556 2281 l.
1577 2257 1609 2281 c.
1641 2258 1675 2291 p.
1693 2244 1772 2281 139.

354 2203 396 2233 ut
418 2210 512 2232 unus
535 2198 723 2243 episcopus
755 2197 793 2230 z’n
825 2196 1046 2242 legationem
1069 2194 1203 2229 veniat.

354 2267 417 2303 Sic
442 2279 590 2312 quoque
609 2267 647 2301 in
663 2266 806 2301 Concil.
819 2265 1044 2300 Miievitano
1072 2264 1206 2298 electus

358 2341 495 2383 praeter
515 2337 670 2372 aliosde
685 2336 882 2381 provincia
893 2332 1203 2380 Carthaginiensi
1299 2330 1480 2366 ficanon.
1503 2331 1560 2366 18.
1608 2331 1698 2364 Item
1723 2330 1892 2375 placuit,
1917 2333 1971 2371 ut,
2009 2328 2186 2364 ordinatis

355 2408 567 2452 ceterisque
590 2406 735 2452 legitur
765 2407 809 2440 tle
834 2405 1022 2451 provincia
1045 2403 1202 2448 Tripoli-

355 2483 448 2512 tana
470 2477 655 2517 Plautius,
676 2476 738 2520 qui
756 2488 798 2510 ex
823 2487 918 2510 more
940 2475 1091 2520 legatus
1111 2484 1205 2507 unus

357 2552 410 2582 est
431 2547 578 2588 missus,
612 2547 674 2591 qui
705 2558 824 2581 omnes
854 2557 932 2580 cum
965 2548 1092 2578 sancto
1121 2554 1204 2578 sene

355 2618 499 2653 Aurelio

360 2701 393 2732 p.
415 2686 519 2723 1132.

569 2617 740 2652 universa
792 2620 1025 2663 cognoscant.
1104 2612 1202 2649 lbid.

1346 2402 1517 2447 episcopis
1544 2400 1602 2436 vel
1630 2401 1782 2442 clericis,
1805 2401 1910 2446 prius
1929 2400 1974 2434 ab
2000 2399 2185 2434 ordinato-

1344 2472 1442 2506 ribus
1470 2471 1545 2505 suis
1579 2470 1724 2514 placita
1765 2471 1993 2505 conciliorum
2038 2468 2186 2503 auribus

1346 2553 1464 2576 eorum
1494 2541 1741 2582 inculcentur,
1777 2552 1823 2576 ne
1861 2552 1899 2576 se
1929 2539 2067 2585 aliquid
2101 2549 2185 2572 con-

1344 2617 1405 2647 tra
1456 2615 1598 2645 statuta
1643 2610 1786 2644 concilii
1817 2610 1953 2654 fecisse
1987 2609 2182 2654 poeniteat.

1345 2682 1455 2716 Cone.
1479 2680 1660 2726 Carthag.
1687 2680 1758 2714 ΙΙΙ.
1792 2692 1822 2715 c.
1848 2679 1881 2714 3.
1912 2690 1971 2725 ap.
1987 2678 2186 2714 Labbeum

1345 2750 1547 2785 concilior.
1578 2750 1629 2784 Π.
1660 2763 1694 2796 p.
1715 2749 1820 2785 1057.
