2341 3340
1037 130 1101 177 41

293 274 334 315 2.
403 272 542 314 Nihilo
571 273 708 312 tamen
728 268 863 310 secius
895 267 938 308 in
970 265 1165 308 Africano
1201 269 1323 308 coetu
1350 267 1523 321 populus
1557 268 1735 309 omnium
1765 268 2022 323 negotiorum

116 354 488 398 ecclesiasticorum
514 350 739 392 habebatur
768 346 984 399 particeps.
1040 345 1302 394 Praesident,
1328 346 1460 397 inquit
1476 344 1751 385 Tertullianus
1765 347 1883 399 Apol.
1912 361 1947 388 c.
1958 348 2025 388 39.

114 435 297 490 probati
327 435 478 486 quique
500 429 718 474 seniores,
755 426 961 465 honorem
994 425 1124 465 istum
1154 437 1243 465 non
1279 427 1425 480 pretio
1454 424 1533 465 sed
1563 425 1810 464 testimonio
1851 427 2002 481 adepti
2007 441 2025 475 ,-

114 511 213 552 inde
246 512 380 563 patet,
425 506 606 546 Clericus
635 517 714 544 una
749 516 841 543 cum
880 503 1108 543 senioribus
1143 503 1285 556 populi
1323 503 1538 542 ecclesiam
1568 501 1734 541 rexisse.
1800 501 1915 541 Idem
1947 503 2029 544 hoc

115 591 239 632 habet
280 585 471 639 Purgatio
504 583 658 624 Felicis
708 586 751 622 et
789 581 996 622 Caeciliani
1042 581 1086 621 in
1122 581 1294 634 epistola
1325 580 1517 633 Purpurii
1550 579 1745 631 Episcopi
1778 578 1967 620 Numidae
1981 580 2029 620 11.

117 667 330 710 Adhibete
369 663 630 704 conclericos
674 668 718 702 et
754 663 949 702 seniores
981 659 1123 715 plebis
1162 661 1473 701 ecclesiasticos
1500 661 1658 707 viros,
1709 664 1755 699 et
1803 660 2031 713 inquirant

116 745 378 798 diligenter,
435 754 532 795 qaae
571 741 662 780 sint
701 741 800 781 istae
839 739 1141 779 dissensiones.
1228 737 1320 791 Ipsa
1367 749 1465 778 vero
1512 736 1706 789 Purpurii
1746 735 1930 788 Epistola
1979 736 2031 777 ad

117 821 371 862 Christianos
391 820 630 860 cirthenses
660 818 720 859 sic
750 817 988 869 inscriptum
1016 816 1165 856 habet:
1198 817 1377 858 Clericis
1403 823 1447 858 et
1469 816 1712 856 senioribus
1735 814 2033 855 Cirthensibns

114 901 162 942 in
205 901 393 941 Domino
433 905 648 953 aeternam
696 898 884 938 salutem
900 893 948 936 ¹2.
1018 895 1177 936 Eadem
1225 895 1318 935 haec
1363 894 1504 948 populi
1540 893 1637 947 jura
1683 893 1829 934 lubens
1871 893 2034 946 agnovit

117 977 361 1031 Cyprianus:
402 977 462 1018 sic
489 976 542 1015 de
570 976 693 1028 lapsis
721 988 785 1027 ep.
810 974 876 1014 16.
904 987 944 1026 p.
962 973 1030 1014 38.
1088 976 1253 1016 Acturi
1287 978 1331 1014 et
1360 973 1482 1028 apud
1508 986 1588 1014 nos
1620 974 1890 1025 consessores
1917 973 2034 1027 ipsos

114 1061 160 1098 et
181 1056 301 1111 apud
315 1057 566 1097 universam
581 1055 749 1110 plebem
772 1067 949 1094 causam
973 1067 1108 1094 snam.
1168 1052 1346 1092 Consule
1374 1054 1574 1103 praeterea
1603 1063 1667 1102 ep.
1683 1051 1750 1089 17.
1808 1050 1889 1103 Ipsi
1911 1062 2034 1102 porro

114 1134 266 1187 populo
290 1140 553 1188 potestatem
581 1133 778 1174 concedit
803 1131 997 1185 eligendi
1024 1132 1179 1185 dignos
1204 1129 1453 1171 sacerdotes
1472 1131 1541 1170 vei
1565 1130 1775 1182 indignos
1797 1129 2039 1169 recusandi

115 1210 203 1266 (ep.
230 1212 299 1251 67.
330 1211 382 1252 ad
413 1212 578 1252 Clerum
603 1211 878 1263 populumque
906 1209 1074 1261 Hispan.
1105 1222 1146 1261 p.
1176 1203 1354 1259 170.)1³.
1411 1208 1512 1257 Quae
1544 1206 1710 1258 quidem
1745 1209 1899 1256 omnia,
1936 1209 2036 1249 licet

115 1290 286 1341 reliquae
324 1291 512 1330 ecclesiae
550 1289 661 1329 haud
694 1289 832 1340 ignota
848 1315 861 1336 ‚
908 1287 1099 1326 disertius
1140 1289 1278 1326 tamen
1314 1299 1339 1326 a
1373 1285 1556 1340 patribus
1597 1284 1803 1324 Africanis
1846 1297 2038 1338 expressa

115 1368 308 1421 leguntur
322 1397 334 1417 ‚
371 1369 495 1421 inque
526 1368 718 1408 Africana
748 1365 935 1405 Ecclesia
970 1365 1121 1406 diutius
1153 1365 1381 1418 viguerunt.
1458 1364 1644 1416 Namque
1679 1364 1814 1416 ipsum
1840 1364 2037 1406 laicorum

116 1446 293 1487 docendi
329 1447 398 1500 jus
415 1475 428 1496 ,
477 1446 617 1486 seculo
657 1445 744 1498 jam
789 1445 913 1484 tertio
960 1444 1005 1484 in
1038 1443 1226 1497 Aegypto
1273 1443 1579 1496 impugnatum,
1639 1455 1762 1495 quum
1804 1442 2037 1484 Demetrius

116 1525 413 1566 Alexandrinus
440 1512 797 1565 Palaestinensibus
826 1522 1042 1575 Episcopis
1074 1521 1236 1562 crimini
1270 1525 1475 1571 verteret,
1518 1521 1628 1574 quod
1657 1521 1828 1575 Origeni
1855 1521 2037 1563 nondum

118 1603 304 1644 ordinato
327 1604 396 1656 jus
426 1602 694 1643 concionandi
723 1601 972 1650 tribuissent,
1000 1615 1130 1655 quum
1159 1614 1383 1656 nunquam
1414 1601 1556 1643 adhuc
1586 1603 1726 1643 visum
1757 1614 1839 1642 nec
1855 1603 2036 1655 sactum

118 1683 198 1728 sit,
243 1688 293 1722 ut
315 1682 607 1736 praesentibus
632 1681 866 1734 Episcopis
895 1681 1001 1720 laici
1034 1680 1405 1720 concionarentur
1425 1676 1462 1705 ¹4
1480 1706 1492 1727 ‚
1533 1679 1577 1719 in
1606 1678 1747 1720 Africa
1784 1692 1860 1732 per
1901 1682 2035 1735 totum

118 1757 210 1798 fere
239 1772 321 1797 sec.
338 1758 406 1798 IV.
430 1758 714 1809 perseveravit,
745 1760 788 1795 et
818 1757 993 1808 primum
1022 1756 1066 1795 in
1086 1754 1251 1806 synodo
1277 1754 1467 1807 Carthag.
1493 1754 1561 1796 IV.
1589 1768 1694 1795 anno
1722 1756 1807 1795 398
1832 1757 2037 1798 celebrata

118 1837 352 1878 restrictum
378 1835 462 1874 fuit
490 1846 644 1873 canone
673 1833 743 1872 98.
798 1833 962 1873 Laiczcs
986 1831 1276 1886 praesentibus
1305 1833 1512 1881 mer-icis,
1547 1834 1638 1873 nisi
1659 1835 1748 1874 illis
1768 1835 2034 1887 jubentibus,

121 1915 273 1955 docere
307 1927 395 1954 non
431 1909 648 1954 audeatlfv.
705 1911 814 1950 Hinc
842 1911 902 1950 nil
928 1910 1099 1958 mirum,
1137 1908 1173 1948 si
1203 1907 1502 1950 Tertullianum
1530 1910 1737 1950 videamus
1767 1911 1953 1952 modeste
1983 1912 2035 1952 de

145 2067 180 2096 11
207 2066 339 2113 optati
376 2066 608 2103 Millevitani
646 2066 782 2113 Opera.
822 2068 881 2103 ed.
914 2068 1053 2114 Dupin.
1126 2066 1163 2094 13
1190 2066 1358 2113 Zieglcri
1383 2066 1554 2101 Versuch
1591 2065 1696 2100 einer
1726 2065 2033 2112 pragmatischen

214 2149 251 2183 p.
273 2137 354 2173 169.
1197 2135 1429 2171 Geschichte
1444 2136 1511 2170 der
1519 2135 2033 2181 kirclllichcherfassungs-

148 2220 185 2251 12
206 2210 381 2257 Seniores
402 2221 517 2257 hosce
534 2221 671 2267 plebis,
695 2221 787 2257 licet
811 2221 907 2257 viris
932 2221 1053 2257 eccle·
1193 2205 1344 2240 f⁰rmen
1374 2204 1414 2239 in
1444 2205 1515 2239 den
1545 2204 1652 2238 scobs
1685 2207 1810 2238 ersten
1833 2203 2032 2238 Jahrhun‘

218 2290 377 2326 §asticis
406 2292 744 2327 adnumerarentur
761 2316 783 2334 '-
807 2302 829 2326 a
852 2292 963 2327 elem
993 2295 1051 2328 ta„
1149 2280 1159 2295 ι
1193 2275 1325 2310 derten
1346 2276 1412 2309 der
1433 2274 1574 2308 Kirche
1587 2285 1622 2317 p.
1635 2273 1692 2308 29.
1706 2272 1812 2307 «31:49.
1844 2273 1953 2307 Idem
1967 2272 2032 2315 jus

219 2372 307 2395 men
332 2360 525 2396 distinctos
552 2362 694 2404 fuisse,
731 2362 859 2397 docuit
876 2362 1053 2398 Neander
1193 2344 1498 2379 ⁰⁰et¹¹iR⁰mffl¹⁰
1519 2342 1768 2394 θοΨΡθῐῙίΕΞθθ
1795 2341 1894 2376 intel*
1918 2342 2032 2386 Plura

220 2412 606 2475 Kirchgngeschichte
623 2432 653 2466 1·
680 2444 715 2476 I,-
726 2430 807 2466 309·
833 2431 892 2465 Cf·
904 2443 1052 2476 quoque
1191 2413 1408 2448 testimonia
1420 2416 1524 2458 patet
1543 2424 1588 2447 ex
1607 2412 1768 2458 epistola
1780 2410 1962 2457 Cypriani
1973 2409 2030 2446 68.

219 2499 482 2544 Binghamum
508 2500 539 2534 Ι.
574 2512 609 2545 p.
636 2500 716 2536 303.
760 2501 890 2545 Ipsum
917 2512 1054 2536 nomen
1124 2482 1161 2512 ¹4
1184 2483 1320 2518 Euseb·
1341 2484 1441 2518 HiSt·
1459 2483 1600 2517 ECCIeS·
1624 2483 1687 2517 VI·
1704 2483 1761 2518 19·

221 2569 363 2614 passim
393 2568 432 2602 iu
462 2569 665 2605 Germania
689 2574 801 2615 atque
826 2571 948 2605 Dania
975 2582 1055 2605 ser·
1125 2568 1162 2598 15
1185 2569 1332 2604 Labbei
1349 2569 1491 2604 Concil.
1513 2569 1563 2603 II.
1587 2568 1736 2613 p.1207.
1762 2568 1937 2604 Attamen
1958 2567 2028 2602 du-

221 2639 328 2673 ravit
367 2638 525 2672 ccclesia
551 2638 799 2684 Evangelica,
835 2640 1055 2684 hujusmodi
1195 2638 1260 2673 bia
1285 2642 1371 2673 sunt
1398 2639 1518 2673 multa
1544 2638 1583 2671 in
1609 2637 1680 2671 hoc
1714 2636 1905 2680 Concilio;
1939 2635 2027 2670 vide

221 2708 393 2742 homiues
415 2701 565 2742 A'ltesze.
592 2708 738 2749 AEldste,
773 2719 920 2743 vocans.
1195 2708 1342 2742 Walch.
1369 2707 1468 2742 nist.
1505 2708 1569 2741 der
1594 2705 1777 2740 Kirchcm
1789 2717 1857 2740 ers.
1887 2719 1920 2750 p,
1947 2706 2024 2740 242.

295 2785 454 2819 Mz'inlcri
482 2785 680 2819 Primordia
712 2785 875 2819 Ecclesioe
909 2785 1099 2827 ‚ifrz'canm
1742 2783 1764 2816 ὅ
