2341 3340
1205 127 1273 175 30

450 270 772 319 SCILLITANA,
805 269 954 311 nobilis
983 283 1006 310 a
1037 268 1290 321 Martyribus
1323 267 1565 318 Scillitanis3
1605 279 1726 320 quam
1755 266 1922 320 quidem
1941 266 2204 321 Geographia

269 363 382 391 sacra
409 350 527 403 ponit
556 349 668 389 haud
695 350 838 402 procul
869 363 893 390 a
921 348 1182 401 Carthagine,
1214 348 1398 400 illudque
1430 347 1624 400 oppidum
1639 347 1822 386 Coloniae
1849 347 2008 400 juribus
2035 350 2202 387 auctum

269 430 428 478 fuisse,
474 429 621 482 probat
658 428 874 481 Inscriptio
911 432 1028 468 vetus
1057 443 1079 468 a
1116 428 1280 467 Shawio
1318 428 1445 467 relata
1458 426 1508 465 21.
1576 426 1708 479 Hujus
1740 426 1942 465 Ecclesiae
1974 427 2205 479 Episcopus

270 513 339 551 aut
359 509 532 549 forsitan
557 507 779 560 Presbyter
796 508 878 548 fuit
892 509 1123 564 Speratus,
1155 507 1271 559 cnjus
1295 518 1446 546 nomen
1466 506 1509 544 in
1521 505 1637 545 Actis
1655 505 1884 558 Martyrum
1900 504 2204 544 scillitanorum

270 590 403 643 primo
435 588 529 627 loco
564 587 736 640 legitur,
786 588 938 638 quique
971 586 1213 625 Proconsuli
1240 586 1448 638 praecipue
1477 584 1741 636 respondisse
1772 584 1954 634 videtur,
1993 584 2205 634 librosque

272 668 595 708 Christianorum
610 680 745 706 sacros
760 669 1035 719 interrogatus
1057 664 1278 705 recensuit.
1317 664 1440 704 Hunc
1451 662 1714 703 Bollandistae
1731 654 2206 716 perperamEpiscopum

273 746 653 800 Carthaginiensem
679 746 894 786 faciunt22.

453 827 817 874 TUBURBITANA,
847 836 939 875 quae
953 823 1035 863 fuit
1047 822 1234 862 Ecclesia
1247 822 1501 876 Episcopalis
1516 822 1707 875 Cypriani
1728 825 1861 871 aetate,
1877 834 2002 873 quum
2011 821 2205 863 Sedacus

275 906 516 948 aTubm-bo
530 903 697 956 Synodo
719 903 1048 955 Carthaginiensi
1067 901 1304 941 interfuerit
1314 901 1363 940 23.
1420 902 1521 942 Duae
1543 902 1664 955 hujus
1681 902 1856 941 nominis
1878 901 2048 940 fuerunt
2067 900 2206 948 urbes,

271 985 400 1025 altera
427 983 569 1036 major,
599 983 727 1022 altera
754 983 901 1031 minor,
929 984 1101 1034 utraque
1128 982 1172 1020 in
1201 981 1439 1034 Zeugitana.
1497 980 1600 1020 Utra
1629 981 1758 1020 fuerit
1783 983 1941 1031 nostra,
1970 982 2203 1021 incertum:

272 1066 315 1104 at
339 1062 523 1103 nobilem
545 1061 676 1100 fuisse
704 1061 809 1101 hanc
828 1061 1058 1101 Ecclesiam
1082 1061 1147 1100 vel
1177 1073 1228 1100 ex
1256 1073 1305 1100 eo
1335 1060 1479 1110 liquet,
1510 1059 1621 1111 quod
1648 1060 1690 1100 S.
1713 1060 1964 1114 Augustinus
1986 1062 2206 1114 pluresque

273 1141 450 1182 Codices
480 1139 521 1180 S.
539 1139 581 1179 S.
596 1139 845 1192 Perpetuam
865 1145 907 1181 et
920 1141 1179 1180 Felicitatem
1207 1141 1252 1179 in
1280 1152 1329 1178 ea
1356 1151 1493 1192 passas
1524 1152 1615 1179 esse
1644 1143 1836 1188 statuunt,
1867 1144 1910 1180 ct
1925 1140 2204 1193 Hipponensis

272 1221 428 1262 Doctor
461 1221 611 1272 saepius
644 1220 697 1259 de
731 1220 1024 1260 Tuburbitanis
1056 1220 1306 1272 Martyribus
1349 1219 1544 1269 loquitur.
1609 1218 1817 1272 Martyres
1857 1221 1984 1272 igitur
2018 1219 2205 1258 celebres

272 1300 496 1348 habuisse,
537 1312 631 1339 cum
663 1303 868 1351 Perpetua
901 1300 1073 1352 ejusque
1101 1299 1225 1339 sociis
1262 1297 1413 1337 deinde
1456 1297 1650 1338 confusos
1670 1327 1682 1346 ‚
1727 1299 1846 1338 valde
1882 1302 1947 1339 est
1979 1297 2206 1351 probabile.

453 1380 734 1420 lacertarum
766 1379 934 1419 sedium
967 1380 1207 1434 Episcopos
1238 1377 1438 1416 habemus
1467 1377 1581 1417 brevi
1613 1380 1707 1417 ante
1738 1377 1986 1429 Cyprianum
2016 1381 2205 1430 tempore

277 1459 543 1501 Caldonium
581 1461 623 1497 et
651 1458 979 1506 Herculanum,
1021 1469 1123 1509 quos
1152 1455 1503 1508 Carthaginiensis
1532 1456 1717 1505 Martvr‚
1760 1456 1858 1509 dum
1888 1458 1982 1497 exul
2013 1459 2123 1506 erat,
2156 1455 2209 1496 ad

275 1538 500 1592 regendam
529 1549 643 1577 suam
664 1536 893 1575 Ecclesiam
921 1536 1032 1575 misit
1051 1537 1100 1575 24.
1159 1537 1385 1578 Geminius
1416 1537 1664 1577 Faustinus
1704 1547 1867 1587 quoque
1895 1537 2206 1578 szmmzvae

275 1619 477 1660 Ecclesiae
500 1617 725 1668 Presbyter
750 1619 999 1655 memoratur
1011 1615 1059 1654 25.

453 1695 581 1735 Pauci
618 1695 664 1734 hi
702 1695 973 1746 Episcopatus
1002 1693 1282 1744 antiquissima
1314 1696 1435 1733 aetate
1465 1696 1700 1732 occurrunt.
1767 1693 1903 1733 Multo
1930 1694 2070 1746 plures
2103 1694 2207 1735 exti-

274 1777 397 1825 fisse,
430 1772 614 1814 Concilia
652 1772 804 1811 docent
838 1772 887 1811 ab
915 1772 1142 1824 Agrippino
1179 1775 1222 1810 et
1250 1773 1409 1811 Donato
1447 1771 1705 1822 Carthaginis
1734 1771 1950 1823 Episcopis
1988 1774 2206 1823 celebrata,

275 1867 449 1907 quorum
478 1853 606 1906 priori
633 1851 702 1900 7⁰,
732 1851 951 1903 posteriori
977 1851 1033 1890 90
1061 1850 1340 1889 interfuerunt
1352 1849 1560 1901 Episcopi.
1619 1846 1703 1888 Sed
1732 1861 1812 1899 quo
1841 1853 2028 1903 tempore
2057 1851 2206 1904 singuli

275 1934 548 1987 Episcopatus
590 1930 747 1971 conditi
777 1929 968 1979 fuerint,
1010 1941 1178 1982 prorsus
1218 1930 1439 1982 ignoratur.
1505 1929 1586 1980 Qui
1617 1932 1755 1969 autem
1787 1928 1992 1981 Cypriano
2033 1930 2205 1970 sedente

277 2013 489 2054 extiterint
520 2011 792 2063 Episcopatus
810 2038 822 2059 ‚
865 2021 1041 2060 sequens
1076 2009 1266 2048 recensio
1304 2007 1471 2048 docebit
1485 2006 1535 2047 2⁶.
1612 2007 1751 2048 Crevit
1787 2008 1982 2061 deinceps
2011 2021 2206 2049 numerus

301 2171 337 2200 21
364 2170 408 2204 P.
428 2167 510 2203 261.
538 2164 674 2211 incipit
692 2175 716 2200 a
735 2165 866 2200 verbis
886 2176 1086 2200 commas
1115 2175 1220 2200 scm·
1290 2163 1328 2194 2⁶
1355 2165 1424 2201 Usi
1447 2177 1578 2201 sumus
1603 2165 1644 2201 in
1663 2165 1737 2200 hoc
1757 2164 2000 2201 Dioecesium
2029 2166 2204 2212 catalogo

381 2248 577 2273 ΜΤΑΝΑΕ.
1364 2236 1621 2271 concinnando
1664 2235 1768 2270 Actis
1803 2235 1966 2270 Concilii
1999 2235 2205 2282 Carthagi·

302 2325 340 2353 22
362 2324 479 2358 Mgm·
510 2323 557 2357 de
585 2323 797 2358 Tillemont
824 2323 895 2365 III·
929 2334 965 2367 P·
987 2321 1046 2357 5¹7-
1362 2304 1502 2341 niensis
1524 2306 1749 2351 acypriano
1770 2317 1866 2341 anno
1891 2304 1973 2340 256.
1999 2305 2139 2349 habifi,
2164 2305 2204 2340 ill

1363 2375 1542 2420 operibus
1559 2375 1640 2419 ejus
1660 2388 1695 2420 p.
1709 2375 1805 2418 229„
1834 2376 2080 2422 Geographia
2096 2386 2204 2411 sacra

302 2409 340 2439 ²³
364 2410 478 2455 cyp*
502 2418 618 2454 (ΨΜ
639 2419 675 2453 P'
698 2407 780 2441 ²3⁰'
806 2407 874 2443 ΝΟ·
895 2408 952 2443 18·
1361 2445 1502 2480 Africae
1526 2446 1565 2480 in
1586 2445 1744 2490 Dupinii
1770 2445 1860 2480 edit.
1884 2445 2016 2491 optati
2027 2444 2201 2480 Minevi-

301 2496 338 2524 ²⁴
362 2496 431 2541 EP·
452 2493 638 2540 cypriani
666 2493 723 2528 41·
747 2505 782 2537 Ρ·
805 2492 864 2528 79·
910 2492 1042 2527 Bstluz'
1067 2490 1107 2527 1¹¹
1137 2491 1221 2527 vita
1360 2514 1496 2550 tanide
1507 2515 1720 2550 schismate
1730 2515 2015 2551 Donatistarum
2026 2513 2201 2558 (Antver.

374 2565 583 2611 cyl'riani’
610 2563 668 2598 ed·
690 2574 853 2609 ⁰Pemm
872 2562 1022 2606 adjecm
1051 2574 1086 2607 Ρ·
1108 2560 1166 2596 55⁰
1359 2584 1484 2631 1702.)
1506 2598 1540 2630 p.
1562 2598 1681 2621 xxin.
1712 2585 1842 2620 Caroli
1866 2596 1888 2620 a
1905 2585 1942 2619 S.
1962 2585 2081 2619 Paulo
2100 2585 2201 2620 Geo-

303 2659 340 2687 25
363 2659 478 2704 Cypr.
498 2657 672 2703 Epistola
692 2657 824 2693 Baluz.
846 2669 880 2702 p.
904 2655 960 2691 46.
982 2656 1028 2691 de
1041 2654 1219 2690 Geminio
1360 2656 1525 2701 graphia
1557 2667 1664 2690 sacra.
1697 2668 1784 2690 cum
1815 2655 1914 2690 notis
1942 2654 1984 2688 L.
2006 2653 2200 2692 Holstenii

377 2730 408 2771 ἓ.
437 2727 495 2763 13.
1287 2722 1293 2726 ’
1359 2725 1568 2761 Amstelod.
1602 2723 1727 2768 1704.)
1765 2728 1804 2761 et
1841 2723 2022 2759 Morcelli
2067 2724 2201 2761 Africa
