2341 3340
1193 98 1262 146 24

263 240 540 283 Tertullianus
570 240 762 281 adversus
776 240 1066 281 Gnosticorum
1089 243 1219 280 sectas
1247 240 1447 289 exaravit,
1475 240 1744 282 Marcionitas
1777 242 1983 292 nimirum,
2013 240 2195 284 Valenti-

262 321 417 370 nianos,
451 320 647 374 aliosque.
705 321 936 361 Haereticos
968 333 1066 360 vero
1095 320 1207 360 haud
1234 320 1440 373 potiorem
1456 320 1782 362 Christianorum
1812 321 2010 362 Afrorum
2038 326 2198 375 partem

263 401 524 442 constituisse
545 430 558 451 ,
605 401 717 441 nulla
762 401 1108 440 demonstratione
1153 400 1325 453 indiget.
1396 400 1672 442 Accesserunt
1723 405 1866 455 postea
1905 401 2196 452 Montanistae‚

265 480 411 533 quibus
443 481 533 533 ipse
569 493 614 520 se
654 480 810 519 addixit
828 495 840 529 ς
888 484 931 520 6ί;
975 480 1252 531 subsequente
1296 483 1418 519 aetate
1462 494 1679 520 numerum
1727 481 2022 520 haereticorum
2079 480 2199 521 valde

266 561 443 600 crevisse
476 572 645 599 necesse
678 563 762 608 est,
806 573 931 611 quum
965 558 1191 611 Cyprianus
1221 560 1339 611 epist.
1367 558 1436 598 ⁶73.
1467 573 1507 612 p.
1532 560 1627 600 199.
1664 560 1717 601 de
1740 566 1808 602 tot
1839 561 2026 602 millibus
2058 561 2197 602 haere-

267 641 454 681 tio-orum
486 641 533 680 in
556 642 802 694 provinciis
832 640 998 680 nostris
1038 634 1288 693 (Africanis)
1325 639 1561 694 bapzizatz‘s
1589 640 1792 691 loquatur.

433 718 474 759 5.
531 720 634 759 Haec
662 720 786 772 igitur
814 718 949 758 omnia
980 716 1107 756 fidem
1135 717 1293 761 faciunt
1313 718 1379 767 iis,
1415 731 1507 770 quae
1536 718 1589 758 de
1618 719 1749 770 primo
1781 718 1969 759 Concilio
2000 719 2196 760 Africano

265 799 316 840 ab
350 799 576 852 Agrippino
597 811 712 857 >anno
742 798 908 838 circiter
936 795 1020 836 215
1046 796 1290 847 traduntur,
1335 798 1379 838 in
1407 810 1489 850 quo
1519 811 1571 838 ex
1593 798 1733 838 Africa
1762 797 2049 838 Proconsulari
2076 802 2200 851 atque

266 878 459 919 Numidia
485 879 541 918 70
568 878 765 931 Episcopi
795 880 1081 917 convenerant.
1144 876 1295 929 Neque
1324 876 1494 917 dubium
1528 879 1626 930 quin
1655 878 1700 918 in
1728 877 1988 918 Mauretania
2021 889 2198 930 quoque,

265 959 310 998 in
334 970 454 1011 quam
479 971 551 999 sua
579 960 700 998 aetate
727 957 972 1009 religionem
991 955 1265 995 Christianam
1287 959 1524 1009 penetrasse
1542 956 1743 1010 Origenes
1770 958 1864 998 loco
1894 971 2014 1011 supra
2034 956 2199 998 laudato

265 1040 453 1087 testatur,
468 1038 556 1090 jam
573 1037 730 1077 suerint
748 1036 951 1076 Ecclesiae
970 1039 1093 1089 atque
1108 1035 1318 1088 Episcopi.
1373 1035 1516 1088 Itaque
1535 1037 1703 1076 ineunte
1731 1038 1873 1080 seculo
1889 1036 1960 1076 Ill.
1983 1036 2200 1076 florentem

266 1116 469 1157 Ecclesiae
507 1117 716 1159 Africanae
750 1116 979 1172 invenimus
1021 1118 1183 1156 statum.
1265 1114 1412 1169 Neque
1449 1116 1573 1157 facile
1616 1130 1640 1158 a
1680 1129 1780 1157 vero
1817 1116 2096 1157 aberrabimus
2114 1144 2125 1165 ‚
2163 1116 2199 1156 si

269 1194 596 1237 Christianorum
632 1198 677 1237 in
706 1179 913 1236 Africanis
948 1196 1170 1248 provinciis
1202 1209 1420 1237 numerum
1457 1199 1553 1237 ante
1583 1196 1855 1250 Agrippinum
1890 1197 1998 1237 ultra
2034 1200 2200 1237 centum

268 1276 397 1317 millia
425 1278 603 1318 crevisse
641 1280 889 1327 statuamus,
924 1277 982 1316 ita
1018 1274 1184 1329 quidem
1221 1278 1269 1315 ut
1300 1275 1469 1328 plurimi
1495 1279 1635 1316 essent
1668 1276 1917 1329 Carthagine
1950 1279 1992 1316 et
2025 1277 2070 1316 in
2098 1275 2200 1315 Pro-

270 1356 501 1406 consulari,
543 1357 757 1410 pauciores
789 1357 834 1397 in
872 1356 1067 1397 Numidia
1102 1359 1224 1408 atque
1260 1356 1543 1407 Mauretania,
1585 1356 1821 1409 paucissimi
1864 1356 1908 1395 in
1945 1354 2202 1408 Tripolitana
2232 1374 2241 1382 ·-

270 1436 504 1487 provincia,
550 1434 623 1478 ubi
660 1437 839 1489 quinque
879 1438 1037 1476 tantum
1072 1435 1304 1489 Episcopos
1341 1436 1471 1477 fuisse
1514 1436 1717 1488 legimus3
1764 1436 1808 1477 id
1849 1434 1959 1489 quod
2005 1434 2115 1475 forte
2151 1447 2200 1475 ex

271 1527 444 1560 arenoso
466 1517 524 1566 32,
568 1519 730 1557 remoto
763 1519 807 1556 et
832 1516 1044 1557 inaccesso
1086 1516 1174 1570 ejus
1214 1517 1323 1566 situ,
1370 1519 1492 1569 atque
1533 1516 1719 1569 populari
1758 1515 2068 1569 superstitione,
2109 1526 2200 1566 quae

271 1594 516 1637 Ammonem
542 1595 743 1650 Libycum
773 1599 815 1636 et
835 1594 1166 1648 Aesculapium33
1193 1610 1442 1650 magnopere
1463 1599 1658 1637 venerata
1689 1599 1765 1645 est,
1797 1594 2082 1648 explicandum
2110 1596 2200 1634 erit.

298 1781 335 1811 32
358 1782 546 1828 Virgilius
557 1782 706 1817 AEneid.
724 1783 788 1816 IV.
814 1793 851 1817 v.
871 1783 929 1817 42.
950 1793 1019 1827 per
1033 1784 1215 1817 desertam
1355 1783 1476 1827 Syrti.
1527 1783 1577 1817 cf.
1606 1783 1754 1818 Routh.
1781 1783 1971 1827 Reliquiae
1993 1793 2108 1818 sacroe
2129 1783 2198 1818 111.

367 1853 431 1888 siti
459 1853 643 1899 regionem
669 1848 829 1887 innuere
858 1852 1014 1886 videtur
1042 1852 1215 1897 Tripoli-
1357 1850 1438 1886 167.
1740 1850 1742 1854 ’

368 1926 521 1966 tanam,
567 1933 682 1968 quam
717 1925 801 1967 post
833 1922 1050 1968 inhospitum
1082 1923 1216 1968 Syrtim

370 1994 481 2029 locat.
505 1994 733 2029 Ptolemaeus
763 1992 988 2036 Sabi-atam,
1026 1992 1146 2028 Oeam
1177 1996 1216 2028 et
1286 1990 1323 2019 33
1345 1991 1401 2027 ne
1422 1992 1511 2027 sano
1536 1992 1753 2038 Aesculapii
1772 1992 1811 2028 in
1834 1990 1990 2027 civitate
2014 1992 2094 2027 oea
2119 1993 2198 2027 frc-

371 2064 508 2109 Leptin
545 2075 727 2111 magnam
745 2090 757 2107 9
798 2076 881 2109 quae
915 2067 1003 2099 sunt
1040 2063 1215 2099 civitates
1356 2066 1536 2107 quentato
1565 2064 1616 2099 cf.
1635 2064 1790 2109 Apuleji
1807 2063 2045 2109 Apologiam.
2069 2063 2197 2108 12310.

376 2135 582 2182 provinciae
601 2135 872 2181 Tripolitanae,
898 2134 1005 2180 ponit
1032 2134 1070 2169 in
1097 2144 1217 2179 parva
1359 2133 1538 2169 Elmenh.
