2341 3340
1182 189 1282 236 174

264 333 339 373 has
381 332 546 387 Trajani
575 333 689 386 leges
727 333 770 374 in
806 332 944 374 Africa
981 346 1144 386 quoque
1184 333 1228 374 in
1261 333 1515 377 Christianos
1556 340 1689 377 actum
1723 350 1814 378 esse
1851 339 2044 380 videtur:
2103 353 2195 381 nam

265 425 352 465 cap.
380 413 421 452 2.
460 411 725 466 ‘Apologetici
773 426 878 452 anno
922 414 1016 453 199.
1055 414 1194 466 scripti
1244 415 1302 454 ait
1345 416 1647 457 Tertullianus:
1705 419 1847 458 solum
1899 419 2197 461 Christianum

265 495 433 548 inquiri
461 508 552 534 non
590 497 717 543 licet,
766 497 922 551 offerri
958 496 1090 542 licet,
1143 494 1268 548 quasi
1302 496 1427 536 aliud
1469 503 1582 538 esset
1619 502 1774 538 actara
1814 499 2038 552 inquisitio
2068 513 2197 553 quam

267 573 457 614 oblatio!
515 573 606 613 Jam
642 574 789 626 igitur,
842 587 933 626 quae
969 574 1096 613 fuerit
1135 586 1275 622 causa,
1326 587 1397 613 cur
1433 576 1499 615 vel
1536 576 1609 615 sub
1642 575 1825 624 Severo,
1874 576 2199 617 Christianorum

264 651 451 701 fautore,
492 656 606 692 certe
644 667 727 693 non
764 653 1026 702 adversario,
1073 654 1119 693 in
1145 653 1233 706 ipsa
1264 653 1352 706 ejus
1385 655 1515 707 patria
1549 658 1691 696 contra
1725 655 1980 696 Christianos
2015 656 2200 696 saevitum

264 730 405 781 fuerit,
440 733 621 772 breviter
650 732 961 773 examinandum
991 734 1082 773 erit.
1141 734 1231 785 Qua
1259 735 1303 773 in
1339 721 1623 785 disquisitione
1653 735 1787 774 facem
1823 736 1939 775 nobis
1969 735 2200 787 praetendet

266 811 520 852 Kortholtus.
589 813 626 853 Is
657 814 786 863 enim,
823 826 914 853 mea
943 814 1144 853 sententia
1176 800 1273 853 satis
1302 814 1542 867 ingeniose,
1579 814 1766 866 conjicit,
1804 812 2073 863 Plautianum,
2115 814 2199 866 qui,

268 892 448 942 quamvis
481 892 670 942 praefecti
699 893 892 943 praetorio
918 893 1164 944 amplissima
1201 892 1397 945 dignitate
1427 907 1450 933 a
1482 892 1637 933 Severo
1677 896 1818 932 auctus
1855 893 1979 943 inque
2015 893 2199 934 intimam

269 970 527 1022 imperatoris
571 957 891 1009 familiaritatem
932 970 1132 1009 admissus
1170 970 1345 1020 fuisset,
1398 972 1443 1011 id
1493 976 1632 1012 tamen
1671 973 1781 1011 omni
1817 973 1965 1012 astutia
2002 973 2114 1025 egit,
2149 976 2201 1012 ut

268 1049 488 1102 Imperium
515 1050 595 1089 sibi
626 1051 791 1100 suisque
824 1049 959 1089 oblata
997 1049 1211 1089 occasione
1249 1053 1477 1102 arrogaret,
1524 1054 1566 1089 et
1603 1064 1793 1103 magnum
1823 1052 2037 1092 hominum
2069 1052 2199 1105 priva-

268 1133 422 1169 torum?
436 1130 758 1182 optimatumque
802 1141 1020 1169 numerum
1055 1132 1188 1169 morte
1225 1129 1391 1178 affecit,
1443 1132 1488 1169 ut
1521 1129 1715 1182 perhibet
1746 1130 1822 1169 Dio
1856 1130 2041 1171 Cassius:
2091 1131 2200 1184 quod

267 1209 434 1261 quidem
465 1209 620 1262 duplici
649 1209 784 1262 egisse
812 1209 975 1248 videtur
1005 1209 1198 1258 consilio,
1242 1212 1349 1258 tum,
1397 1212 1444 1248 ut
1474 1209 1625 1249 divitiis
1655 1209 1956 1261 opulentiorum
1986 1211 2200 1262 potiretur,

268 1291 311 1328 et
340 1293 574 1341 argentum,
611 1289 727 1341 cujus
764 1289 1052 1342 cupidissimus
1083 1292 1194 1337 erat,
1241 1293 1531 1339 extorqueret,
1580 1302 1670 1341 quae
1698 1289 1888 1329 universe
1920 1289 2037 1329 Pauli
2067 1290 2201 1343 Sarpii

268 1367 349 1408 fuit
378 1369 517 1421 opinio
546 1367 598 1407 de
630 1370 761 1408 causis
792 1369 1124 1421 persecutionum
1155 1381 1178 1407 a
1206 1367 1424 1407 Commodi
1454 1369 1758 1408 successoribus
1784 1374 1986 1410 motarum
2001 1370 2057 1420 13,
2091 1370 2202 1410 haud

269 1451 407 1488 tamen
437 1448 568 1487 ubivis
601 1448 836 1500 probanda:
890 1453 975 1488 tum
1005 1461 1190 1500 quoque,
1230 1454 1277 1488 ut
1304 1449 1393 1500 ipse
1420 1448 1498 1488 hac
1526 1448 1739 1497 hominum
1777 1450 2037 1501 optimatum,
2087 1454 2129 1490 et
2152 1452 2201 1491 ‘in

270 1527 413 1567 Africa
447 1540 638 1579 quoque,
688 1527 831 1567 Severi
861 1529 1013 1580 patria,
1060 1527 1201 1576 caede,
1246 1527 1509 1580 Imperatoris
1541 1541 1718 1576 nomen,
1759 1528 1950 1578 quoniam
1986 1542 2084 1569 vere
2115 1534 2202 1570 erat

269 1606 522 1657 Severus1⁴‚
570 1608 667 1647 licet
695 1608 738 1646 in
774 1607 957 1647 Africam
988 1607 1114 1646 multa
1144 1608 1364 1647 contulerit
1393 1607 1593 1648 beneficia
1609 1606 1663 1656 ¹5,
1695 1607 1961 1646 formidatum
1989 1609 2203 1660 universis,

270 1700 438 1728 exosum
464 1700 628 1740 quoque
660 1686 868 1736 redderet,
901 1687 1060 1737 sibique
1093 1686 1144 1726 ad
1176 1668 1394 1739 imperium
1422 1688 1528 1726 viam
1557 1687 1748 1727 muniret.
1807 1685 2075 1728 Occasionem
2103 1700 2202 1728 vero

270 1767 393 1808 facile
415 1772 566 1808 'nactus
595 1770 679 1815 est;
730 1766 959 1806 Pescennio
990 1766 1100 1805 enim
1123 1765 1252 1818 Nigro
1282 1779 1388 1806 anno
1418 1766 1512 1806 194.
1543 1770 1585 1805 et
1615 1765 1760 1806 Clodio
1789 1765 1939 1806 Albino
1972 1780 2077 1808 anno
2108 1768 2202 1808 197.

272 1847 442 1896 deletis,
471 1848 514 1887 in
544 1849 718 1888 asseclas
747 1860 890 1886 eorum
919 1846 1061 1885 hostili
1090 1846 1224 1885 animo
1253 1859 1276 1885 a
1306 1846 1464 1885 crudeli
1496 1847 1652 1885 victore
1678 1849 1902 1898 grassatum
1930 1846 2032 1895 fuit3
2077 1847 2201 1898 unde,

268 1927 441 1980 ¹iubente
489 1928 555 1967 vel
591 1927 809 1979 instigante
838 1925 1072 1973 Plautiano,
1118 1924 1367 1973 Christiani,
1421 1926 1602 1977 quamvis
1640 1937 1774 1976 neque
1806 1924 2033 1976 Nigriniani
2066 1939 2202 1979 neque

276 2007 478 2046 Albiniani
508 2007 704 2054 fuissent,
744 2005 840 2044 huic
872 2003 1151 2056 persecutioni
1190 2004 1357 2043 obnoxii
1391 2003 1513 2044 reddi
1543 2007 1777 2057 potuerunt.
1834 2004 1969 2045 Aliam
2001 2009 2201 2058 praeterea

276 2087 458 2127 fortassis
489 2086 637 2126 obtulit
663 2084 921 2137 rescriptum,
962 2095 1043 2136 quo
1075 2082 1300 2135 Imperator
1330 2095 1415 2132 eos,
1452 2085 1526 2138 qui
1553 2085 1757 2125 illicitum
1789 2085 2017 2137 collegium
2049 2086 2201 2126 iniisse

275 2168 579 2208 dicerentur..
598 2194 637 2206 ..
670 2165 790 2219 apud
820 2164 1087 2215 Praefectum
1114 2162 1233 2203 urbis
1263 2163 1469 2203 accusari
1490 2160 1672 2215 jussit¹⁶.
1731 2161 1816 2202 Sed
1849 2175 1973 2214 quum
2007 2162 2059 2202 de
2095 2176 2200 2204 anno

277 2247 333 2286 nil
372 2248 559 2293 constet,
607 2244 690 2284 huc
732 2243 962 2283 indubitate
1002 2241 1153 2281 referri
1194 2242 1349 2294 nequit.
1432 2240 1773 2294 Promulgabatur
1819 2241 1984 2292 quidem
2032 2241 2199 2292 Romae;

298 2395 333 2423 13
359 2396 467 2430 Delie
491 2394 651 2430 materie
678 2392 907 2428 beneficarie
936 2403 968 2426 c.
990 2391 1025 2426 2.
1359 2403 1411 2426 ιΝ
1436 2392 1728 2437 oARTHagz’nem
1748 2392 1906 2426 laudant
1926 2403 2073 2437 quoque
2095 2404 2197 2427 com-

301 2488 334 2516 Η
359 2488 582 2533 Spartianus
601 2487 638 2522 in
660 2487 802 2522 Severo
837 2499 866 2522 c·
887 2487 943 2521 14·
1357 2462 1486 2507 plures
1510 2446 1776 2504 nminiSoveri,
1797 2463 2011 2505 Caracallae,
2032 2467 2069 2497 et
2081 2463 2196 2503 Getae,

1357 2535 1449 2577 typo
1467 2533 1554 2566 Deae
1582 2533 1764 2567 Coeles-tis
1793 2532 1961 2574 nobiles,
2002 2543 2097 2566 aimo
2127 2531 2198 2567 203

303 2581 337 2611 ¹5
361 2583 493 2617 Exstat
506 2594 644 2617 numus
658 2582 805 2624 Severi,
830 2581 1031 2627 inscriptus
1047 2592 1212 2616 Amnon.
1355 2606 1393 2636 et
1418 2602 1662 2648 sequentibus
1703 2602 1866 2647 procusi·
1914 2602 2063 2635 Eckhel
2103 2601 2197 2637 ibid.

373 2653 661 2695 beneficiorum,
693 2653 831 2697 quibus
858 2653 956 2686 hanc
977 2651 1214 2697 provinciam
1355 2685 1390 2718 P·
1413 2673 1491 2707 133.
1518 2679 1556 2708 et
1580 2673 1661 2707 204·

375 2724 546 2767 ‘numit'
573 2723 691 2758 testis·
740 2723 899 2757 ECkhel'
934 2724 1061 2757 Doctr'
1099 2722 1211 2756 Num·
1286 2743 1321 2773 1⁶
1347 2744 1674 2788 ApudUlpianum
1695 2743 1739 2775 de
1757 2741 1885 2775 officio
1905 2742 2076 2786 praesceti
2088 2743 2196 2777 urbis

370 2796 453 2829 ‘⁷⁰‘-
474 2793 697 2839 V1¹·1'·1⁷1·
723 2804 1067 2828 monam-mam
1088 2803 1213 2827 ΗΜ
1358 2814 1397 2848 in
1419 2814 1563 2860 nigesr.
1596 2813 1681 2848 Lib.
1711 2812 1739 2846 1.
1772 2811 1850 2846 Tit.
1869 2812 1955 2846 ΧΠ.
1985 2813 2010 2847 l.
2032 2813 2061 2847 1.
2085 2815 2118 2855 s.
2139 2813 2195 2847 1‘4.
