2341 3340
1160 163 1260 209 124

244 305 417 356 scriptus
445 306 520 342 est.
563 303 685 343 Unde
716 303 1005 357 colligendum,
1034 303 1231 343 Praxeam
1258 303 1375 343 initio
1391 305 1519 344 seculi
1538 303 1595 344 ΠΙ
1611 303 1855 357 Carthagine
1873 308 2188 345 commoratum.

245 382 385 422 fuisse.
442 382 548 422 Iram
577 387 712 422 autem
742 383 1007 432 Tertulliani,
1047 383 1283 435 nuperrime
1315 395 1408 421 cum
1436 383 1698 425 Montanistis
1728 383 1963 436 conjuncti,
2003 381 2167 432 fervidi,

245 466 301 512 ut·
319 461 530 513 Neophyti
567 462 775 511 assolent,
820 476 960 503 eorum
991 462 1180 509 asseclae,
1220 465 1263 500 et
1290 473 1382 500 cum
1410 461 1460 500 iis
1494 462 1867 501 subordinationem
1895 462 1938 501 in
1966 460 2170 503 Trinitam

246 539 517 587 statuentisffi,
546 540 589 578 in
612 522 807 581 Praxeam
838 542 959 581 facile
989 541 1277 592 intelligemus,
1318 539 1352 577 si
1381 541 1699 590 meminerimus,
1740 541 1868 581 fuisse
1894 540 2005 580 hunc
2035 540 2171 591 ipsum

247 618 457 666 Praxeam,
486 618 555 668 qui
585 618 834 671 Episcopum
861 620 1091 661 Romanum
1119 619 1171 658 ad
1201 617 1462 658 concordiam
1492 632 1582 658 cum
1596 619 1771 659 asseclis
1802 619 1989 659 Montani
2016 618 2170 671 impru-

249 695 395 735 denter
437 697 579 736 initam
629 698 863 737 solvendam
908 701 1181 738 commoverat
1202 697 1250 736 2⁷.
1322 696 1520 749 Ejusdem
1564 709 1724 749 quoque
1773 699 2023 738 mentionem
2068 695 2172 736 facit

248 775 449 827 appendix
486 775 580 814 libri
610 775 661 814 de
687 766 1059 828 praescriptionibus
1089 789 1123 816 c.
1150 777 1319 824 ultimo,
1355 778 1401 815 ut
1427 779 1469 815 et
1506 775 1746 823 Victorini,
1782 776 1960 816 hominis
1987 779 2173 815 ceterum

249 853 392 905 ignoti,
431 853 485 892 de
516 866 611 904 quo,
643 866 738 892 num
764 854 1052 906 Carthaginem
1082 855 1250 903 adierit,
1286 854 1392 894 nihil
1419 854 1628 894 memoriae
1657 854 1862 906 proditum
1893 857 1966 893 est.
2024 852 2172 893 Plures

249 931 449 979 fortassis,
480 935 525 969 ut
554 919 722 983 conjicit
750 931 944 989 Neander
976 945 1015 983 p.
1045 931 1143 982 480,
1178 934 1222 972 in
1251 933 1392 972 Africa
1414 931 1701 973 Proconsulari
1731 934 1903 972 extitere
1928 931 2173 972 asseclarum

251 1009 419 1048 Praxeae
448 1013 600 1058 sectae,
637 1011 852 1049 cultiorum
891 1009 1056 1060 quidem
1095 1013 1141 1049 et
1176 1011 1418 1057 rudiorum3
1465 1008 1508 1050 id
1548 1009 1657 1062 quod
1688 1022 1739 1050 ex
1766 1012 1901 1052 verbis
1929 1008 2184 1056 Tertulliani.

251 1087 340 1127 adv.
370 1087 567 1127 Praxeam
593 1101 628 1127 c.
656 1088 725 1128 2²7.
758 1089 937 1141 colligit:
988 1090 1179 1144 undique
1211 1090 1387 1130 obducti
1411 1088 1692 1129 distinctione
1716 1091 1864 1143 patris
1897 1094 1943 1132 et
1961 1091 2057 1145 filii
2073 1116 2172 1129 .....

252 1156 384 1208 aliter
415 1181 510 1207 eam
536 1168 596 1207 ad
623 1182 748 1208 snam
777 1169 1060 1209 nihilominus
1089 1169 1354 1209 sententiam
1381 1168 1678 1222 interpretari
1705 1175 1943 1217 conantur,
1975 1174 2026 1209 ut
2053 1179 2174 1222 oeque

253 1247 300 1286 in
330 1260 420 1287 nna
450 1260 641 1301 persona
672 1253 902 1300 utrumque
931 1246 1209 1300 distinguant
1221 1273 1344 1288 ......
1372 1251 1416 1287 et
1447 1244 1519 1301 qni
1544 1259 1681 1287 unum
1709 1247 1972 1302 eundemque
1995 1245 2174 1292 conten·

253 1324 363 1365 dunt
394 1331 569 1379 patrem
600 1330 643 1364 et
661 1326 833 1379 fllium,
862 1326 961 1378 jam
992 1326 1213 1379 incipiunt
1243 1325 1439 1366 dividere
1475 1339 1547 1366 eos
1574 1327 1721 1380 potins
1751 1339 1878 1380 quam
1908 1338 2062 1383 unare.

431 1402 472 1442 ¹7.
530 1404 830 1458 Hermogenes
856 1403 973 1452 Afer,
1003 1403 1272 1456 philosophus
1301 1407 1421 1454 atque
1445 1403 1590 1456 pictor,
1621 1404 1690 1455 qui
1718 1401 1971 1443 Tertulliano
2001 1402 2177 1442 florente

253 1482 378 1529 vixit,
426 1481 574 1533 placita
613 1495 684 1521 sua
722 1495 747 1521 e
780 1482 1071 1521 Gnosticorum
1107 1482 1261 1522 scholis
1300 1481 1474 1531 hausta,
1514 1483 1701 1522 scilicet:
1755 1480 1994 1530 materiam,
2033 1483 2178 1534 utpote

252 1559 412 1599 fontem
442 1560 572 1598 omnis
605 1560 713 1608 mali,
745 1560 871 1599 aDeo
904 1562 1080 1599 creatam
1109 1559 1221 1599 haud
1246 1573 1350 1610 esse,
1379 1560 1452 1600 sed
1481 1561 1530 1600 ab
1563 1565 1719 1602 aeterno
1746 1561 1947 1610 extitisse3
1980 1559 2177 1600 mundum

254 1640 494 1689 animosque
521 1638 719 1684 humanos
750 1651 802 1678 ex
830 1638 974 1679 eadem
1007 1643 1119 1678 ortos
1157 1628 1250 1678 esse
1273 1644 1520 1692 cooperante
1547 1638 1634 1680 Deo
1651 1639 1706 1690 ²³3
1764 1640 1980 1680 Daemones
2010 1628 2176 1678 imm-or-

254 1718 410 1768 talitate
444 1717 555 1758 haud
584 1730 675 1756 esse
705 1717 922 1769 praeditos,
968 1720 1011 1757 et
1039 1730 1130 1769 quae
1168 1722 1264 1757 sunt
1298 1721 1433 1758 cetera
1472 1718 1654 1772 ejusdem
1698 1717 1891 1767 furfuris,
1932 1716 2179 1769 Carthagine

256 1796 524 1836 disseminare
552 1795 766 1844 studuit²9‚
797 1796 971 1836 asseclas
1001 1800 1156 1845 nactus,
1186 1808 1286 1848 quos
1307 1794 1587 1837 Tertullianus
1615 1798 1704 1838 adv.
1731 1795 2038 1850 Hermogenem
2063 1793 2178 1838 0225.

255 1876 545 1917 Materiarios
583 1877 723 1922 vocat,
767 1878 990 1916 scommate
1026 1885 1077 1914 ex
1117 1873 1301 1915 doctrina
1343 1885 1483 1914 eorum
1523 1879 1628 1915 orto.
1700 1876 1780 1915 HIc
1812 1878 2012 1927 praeterea
2047 1876 2180 1914 artem

257 1966 374 1993 suam
419 1952 653 1992 exercendo
693 1951 948 2005 Tertulliano
993 1952 1121 1993 bilem
1165 1954 1339 1992 movisse
1384 1951 1558 1993 videtur.
1628 1954 1699 1994 Ait
1734 1951 1844 1994 enim
1886 1962 1923 1992 c.
1947 1952 1985 1993 1.
2016 1951 2070 1992 de
2105 1964 2177 1992 eo:

256 2033 407 2087 pingit
438 2033 615 2080 illicite,
654 2032 776 2072 nubit
818 2033 1022 2081 assidue,
1061 2033 1200 2086 legem
1231 2032 1321 2073 Dei
1359 2033 1405 2072 in
1436 2031 1657 2074 libidinem
1691 2032 1914 2086 defendit,
1961 2033 2008 2072 in
2036 2038 2180 2074 artem

260 2112 531 2157 contemnit,
579 2111 643 2151 bis
670 2113 921 2164 falsarius,
967 2117 1012 2152 et
1051 2112 1249 2152 cauterio
1288 2115 1331 2151 et
1368 2111 1498 2165 stylo.
1561 2108 1753 2152 cauterio
1790 2111 1898 2152 enim
1931 2110 2089 2152 adludit
2126 2109 2180 2151 ad

359 2281 673 2327 Carthaginiensi,
709 2293 820 2326 usque
845 2282 895 2316 ad
924 2281 1199 2327 Cataphrygas,
1270 2280 1307 2310 28
1333 2279 1470 2315 Dehine
1504 2278 1593 2316 alibi
1629 2281 1836 2316 desiderare
1873 2281 2032 2326 componi
2057 2292 2081 2316 a
2105 2283 2179 2317 Deo

357 2355 394 2385 et
419 2351 465 2384 ab
488 2351 573 2385 aliis
603 2351 846 2386 adsertoribus
869 2351 1042 2387 Ecclesia>-
1066 2352 1200 2387 Catho-
1341 2350 1525 2385 desiderat
1559 2352 1816 2395 formationem
1834 2376 1846 2393 ,
1894 2363 1974 2396 φατε
2016 2355 2179 2386 sectatur

359 2419 438 2454 licae
460 2421 626 2465 superati
649 2425 745 2455 sunt.
1339 2416 1610 2465 informitatem.
1671 2416 1835 2456 Tertull.
1859 2419 1955 2455 adv.
1989 2421 2177 2467 Hermog.

286 2512 324 2542 2⁶
346 2512 442 2548 Adv.
461 2513 659 2547 praxeam.
684 2525 714 2547 c.
733 2514 766 2549 2.
783 2512 817 2549 8.
864 2513 1031 2549 Neandri
1043 2514 1086 2550 G.
1103 2514 1140 2551 a.
1152 2512 1198 2550 Τ.
1341 2502 1375 2534 ⁵²·
1397 2490 1454 2526 4²·
1481 2492 1518 2526 εἴ
1541 2489 1708 2526 Mandri
1739 2491 1846 2527 θεῖε*
1874 2490 1939 2526 ‘¹⁰⁹
1962 2489 2177 2525 Tmuffiffl'

361 2596 397 2629 p.
421 2584 501 2618 473.
524 2583 581 2618 Si).
1340 2574 1377 2608 Ρ·
1402 2560 1482 2597 424·

289 2676 327 2706 27
355 2676 451 2712 Adv·
476 2676 672 2711 praxeam·
699 2687 728 2711 c·
752 2675 786 2711 L
1271 2653 1308 2686 2⁹
1333 2654 1479 2689 walch.
1499 2654 1525 2689 1.
1547 2654 1571 2690 1.
1590 2653 1828 2689 Moshcmius
1854 2654 1900 2689 de
1926 2653 2041 2688 rebus
2059 2651 2177 2689 Chri-

1345 2724 1554 2760 arianorum
1574 2729 1660 2760 ‘ante
1674 2723 1959 2759 Constantinum
1978 2721 2029 2758 Μ.
2049 2721 2177 2768 p.433.
