2341 3340
1058 102 1126 148 25

249 341 472 383 NOMINA
516 336 934 386 ECCLESIARUM‚
993 335 1396 377 EPISCOPORUM
1445 335 1522 377 ET
1575 336 1940 382 CLERICORUM

403 418 686 461 AGRIPPINI
735 416 813 457 ΕΤ
850 408 1252 456 ἿῈΒΤΙΠᾸᾸΑΝΙ
1311 414 1598 464 TEMPORE,
1660 415 1788 466 QUAE

752 494 1018 536 REPERIRI
1068 493 1431 535 POTUERUNT.

142 667 180 708 1.
236 642 334 712 De
362 670 570 719 tempore,
612 680 692 720 quo
720 668 897 708 conditae
930 669 1086 708 fuerint
1116 668 1172 706 70
1207 668 1289 706 illae
1328 666 1555 714 Ecclesiae,
1592 665 1815 731 Agrippino
1852 665 2055 720 Episcopo

145 744 490 797 Carthaginiensi,
531 746 696 786 Christo
728 748 815 800 jam
846 748 1050 795 collectae,
1092 747 1195 785 nihil
1226 749 1395 784 constat.
1451 745 1515 784 Ex
1546 757 1684 783 earum
1712 756 1881 783 numero
1912 758 2058 797 paucas

139 825 419 864 tantummodo
465 829 681 865 recensent
726 826 1001 865 Tertullianus
1045 829 1088 864 et
1126 825 1350 877 Cyprianus
1371 854 1382 873 ‚
1424 837 1520 875 quas
1564 836 1645 864 una
1692 836 1785 863 cum
1827 824 2058 864 nominibus

139 902 455 956 Episcoporum,
493 916 583 955 quae
611 905 783 957 reperiri
811 908 1059 957 potuerunt,
1091 904 1178 957 jam
1215 904 1497 942 indicabimus.

320 979 367 1035 1)
399 984 669 1025 CARTHAao.
709 983 963 1034 Carthaginis
978 983 1172 1022 Romanae
1196 982 1512 1034 descriptionem
1541 982 1637 1021 dant
1651 982 1855 1021 Ausonius
1880 980 2059 1020 carmine

141 1060 195 1101 de
232 1062 349 1101 claris
388 1062 558 1101 urbibus
600 1063 707 1114 apud
737 1062 923 1101 Hudson.
953 1062 1102 1113 Geogr.
1130 1062 1263 1100 minor
1294 1061 1363 1100 III.
1394 1074 1432 1113 p.
1462 1060 1557 1100 228.
1593 1060 1708 1109 229„
1750 1060 1986 1111 Anonymus
2018 1060 2062 1098 in

142 1141 397 1192 expositione
426 1142 550 1182 totius
579 1141 719 1180 mundi
751 1154 813 1190 ap.
844 1140 1020 1179 eundem
1049 1154 1089 1192 p.
1115 1139 1179 1179 17.
1197 1140 1277 1187 18„
1317 1139 1524 1178 Salvianus
1559 1139 1611 1177 de
1644 1139 1950 1177 Gubernatione
1982 1137 2061 1176 Dei

142 1217 232 1260 Vll.
262 1232 301 1270 p.
312 1218 408 1258 257.
425 1218 520 1258 250.
552 1219 700 1270 aliique
729 1220 890 1271 passim.
947 1219 994 1258 In
1013 1219 1090 1256 hac
1114 1217 1280 1267 quidem
1300 1216 1452 1255 Africae
1475 1217 1692 1268 metropoli
1719 1217 1850 1268 prima
1878 1215 2063 1254 ecclesiae

142 1296 406 1336 fundamenta
444 1297 556 1349 jacta
603 1310 720 1346 esse,
778 1298 908 1336 omnis
944 1296 1129 1335 historiae
1170 1295 1386 1346 primitivae
1435 1295 1622 1334 ecclesiae
1667 1295 1847 1347 analogia
1897 1293 2065 1341 suadet,

143 1375 346 1414 incertum
382 1380 556 1415 exeunte
587 1377 742 1429 primo,
791 1356 847 1415 an
877 1377 1044 1414 ineunte
1072 1356 1264 1414 ‘secundo
1300 1374 1439 1412 seculo
1462 1372 1483 1411 ’.ἓ
1542 1373 1687 1412 lubens
1720 1374 1828 1413 enim
1867 1374 2066 1413 assentior

145 1450 414 1493 Schelstratio
449 1456 601 1507 primos
636 1455 846 1506 religionis
881 1454 1122 1494 Christianae
1158 1465 1368 1505 praecones
1404 1451 1586 1491 Africam
1619 1452 1701 1490 100
1735 1456 1804 1491 aut
1838 1453 1980 1491 saltem
2010 1452 2067 1491 8⁰

145 1532 259 1570 annis
296 1535 389 1571 ante
433 1533 728 1585 Agrippinum,
778 1544 859 1583 quo
899 1533 1105 1585 Episcopo
1142 1532 1294 1570 florens
1331 1531 1419 1583 jam
1458 1531 1658 1570 Ecclesiae
1690 1531 1895 1589 Africanae
1938 1534 2065 1570 status

147 1608 493 1660 deprehenditur,
527 1611 709 1650 visitasse
748 1612 995 1663 conjicienti.
1076 1610 1259 1649 Primum
1301 1609 1466 1660 quidem
1505 1621 1626 1659 quem
1671 1608 2066 1661 Carthaginiensium

147 1685 396 1738 Episcopum
423 1688 590 1727 exhibet
612 1688 1043 1740 Pseudo-Hippolytus
1068 1687 1119 1726 de
1138 1687 1304 1728 LXXII,
1333 1687 1555 1738 discipulis,
1584 1685 1862 1740 Laudatum3
1889 1687 2067 1728 Simonis

147 1763 333 1817 Apostoli
361 1767 565 1811 comitem,
608 1767 838 1803 nominasse
860 1766 1048 1804 sufficiat.

329 1840 465 1881 Series
497 1842 621 1894 igitur
649 1842 946 1894 Episcoporum
969 1842 1365 1894 Carthaginiensium
1397 1841 1580 1893 incipere
1605 1840 1768 1881 videtur
1796 1843 1845 1882 ab
1879 1845 2040 1898 Optato
2050 1860 2066 1892 ,-

151 1921 267 1974 cujus
297 1920 450 1960 mentio
482 1920 530 1959 fit
560 1920 603 1959 in
632 1920 747 1959 Actis
779 1920 983 1959 Passionis
1021 1920 1063 1960 S.
1093 1919 1136 1959 S.
1172 1919 1389 1972 Perpetnae
1429 1923 1470 1958 et
1504 1920 1787 1969 Felicitatis23
1849 1934 1946 1973 quas
1985 1935 2068 1964 non

199 2085 217 2114 1
241 2074 377 2109 Addit:
403 2076 563 2109 Mandat
583 2075 730 2120 insuper
746 2076 906 2109 salutari
922 2080 957 2110 et
978 2077 1083 2120 Epae-
1225 2073 1583 2108 commemoratione
1613 2085 1705 2108 vero
1726 2075 1893 2118 Epaeneti
1914 2075 1952 2109 in
1974 2075 2065 2121 Epi-

227 2149 378 2185 -πετιιπι,
397 2156 498 2189 quem
510 2145 707 2178 Dorotheus
720 2146 836 2179 tradit
850 2148 996 2188 factum
1010 2157 1084 2180 esse
1225 2144 1321 2178 stola
1348 2145 1396 2177 ad
1414 2143 1605 2176 Romanos
1630 2144 1763 2177 fabula
1789 2149 1871 2178 orta
1899 2145 2064 2179 videtur.

249 2214 460 2259 Episcopum
495 2214 845 2259 Carthaginiensem.
899 2215 967 2248 Est
997 2225 1086 2258 pro-
1225 2213 1358 2249 Nescio
1388 2224 1460 2257 quo
1491 2223 1579 2245 casu
1607 2212 1838 2247 Schelstrate
1863 2225 1899 2257 p.
1920 2213 1975 2250 10.
1999 2224 2065 2248 no-

251 2283 313 2315 cul
333 2283 447 2317 dubio
471 2282 574 2317 idem
600 2283 737 2326 homo,
763 2295 881 2328 quum
896 2280 1086 2329 Ἐπαίινητος
1228 2295 1314 2317 men
1334 2282 1475 2316 scribat
1499 2283 1706 2324 Caudahzs,
1740 2284 1897 2325 fictum,
1930 2283 1995 2317 vix
2020 2293 2063 2318 ac

251 2350 385 2385 Latine
417 2353 466 2386 sit
488 2354 693 2389 Laudatus.
748 2355 892 2389 Nomen
923 2353 1088 2388 occurrit
1228 2363 1275 2387 ne
1292 2352 1356 2386 vix
1378 2351 1531 2396 quidem
1557 2353 1656 2397 apud
1683 2353 1829 2387 Graecos
1854 2353 2063 2387 Romanos-

252 2420 364 2455 Rom.
393 2422 492 2456 XVI.
520 2423 552 2458 5.
597 2425 641 2458 In
662 2423 916 2459 monumentis
940 2434 1088 2468 quoque
1230 2433 1302 2465 quc
1329 2421 1620 2465 reperiundum‚
1645 2421 1719 2455 nisi
1749 2423 1848 2456 forte
1879 2422 1918 2456 in
1937 2423 2062 2469 Lydo-

253 2491 416 2536 legitur:
443 2496 544 2525 extat
556 2505 691 2528 numus
703 2493 1089 2538 HierapoleosPhry-
1230 2503 1318 2525 rum
1338 2490 1471 2537 lingua
1496 2491 1544 2525 sit
1572 2492 1825 2535 quaerendum.

256 2560 340 2606 giae,
365 2561 433 2593 sub
445 2564 715 2597 EIIAHVHTJZ
725 2563 954 2607 Magistratu
966 2574 1088 2596 cusus.

259 2629 420 2675 (Sestini
444 2630 588 2664 Classes
601 2631 816 2676 Geograph.
841 2631 989 2676 p.123.)
1032 2631 1090 2666 Ex
1183 2624 1200 2652 ²
1225 2629 1391 2679 Ruinart
1412 2629 1505 2665 Acta
1528 2630 1689 2675 Martyr.
1707 2643 1743 2675 p.
1767 2630 1824 2666 91.
1845 2630 1902 2666 92.

330 2755 494 2790 Mamm-i
519 2754 720 2789 Prz'mordz’a
748 2755 913 2789 Ecclesiae
937 2757 1130 2799 Afric-amr.
1780 2757 1799 2787 4
