<?xml version="1.0" encoding="UTF-8"?>
<!DOCTYPE html PUBLIC "-//W3C//DTD XHTML 1.0 Transitional//EN"
    "http://www.w3.org/TR/xhtml1/DTD/xhtml1-transitional.dtd">
<html xmlns="http://www.w3.org/1999/xhtml" xml:lang="en" lang="en">
 <head>
  <title>
</title>
<meta http-equiv="Content-Type" content="text/html;charset=utf-8" />
  <meta name='ocr-system' content='tesseract 3.04.00' />
  <meta name='ocr-capabilities' content='ocr_page ocr_carea ocr_par ocr_line ocrx_word'/>
</head>
<body>
  <div class='ocr_page' id='page_1' title='image "./fredericimnter00mn_0243.png"; bbox 0 0 2341 3340; ppageno 0'>
   <div class='ocr_carea' id='block_1_1' title="bbox 1014 139 1117 186">
    <p class='ocr_par' dir='ltr' id='par_1_1' title="bbox 1014 139 1117 186">
     <span class='ocr_line' id='line_1_1' title="bbox 1014 139 1117 186; baseline 0 0"><span class='ocrx_word' id='word_1_1' title='bbox 1014 139 1117 186; x_wconf 82' lang='lat'><strong>229</strong></span> 
     </span>
    </p>
   </div>
   <div class='ocr_carea' id='block_1_2' title="bbox 745 277 1343 330">
    <p class='ocr_par' dir='ltr' id='par_1_2' title="bbox 745 277 1343 330">
     <span class='ocr_line' id='line_1_2' title="bbox 745 277 1343 330; baseline -0.003 -8"><span class='ocrx_word' id='word_1_2' title='bbox 745 328 747 330; x_wconf 49' lang='grc'><strong>,</strong></span> <span class='ocrx_word' id='word_1_3' title='bbox 798 278 1046 321; x_wconf 85' lang='lat' dir='ltr'>INCIPIT</span> <span class='ocrx_word' id='word_1_4' title='bbox 1102 277 1343 320; x_wconf 81' lang='lat' dir='ltr'><strong>PASSIO.</strong></span> 
     </span>
    </p>
   </div>
   <div class='ocr_carea' id='block_1_3' title="bbox 238 377 2031 438">
    <p class='ocr_par' dir='ltr' id='par_1_3' title="bbox 238 377 2031 438">
     <span class='ocr_line' id='line_1_3' title="bbox 238 377 2031 438; baseline 0.007 -17"><span class='ocrx_word' id='word_1_5' title='bbox 238 416 241 421; x_wconf 93' lang='lat'><strong>.</strong></span> <span class='ocrx_word' id='word_1_6' title='bbox 296 385 337 425; x_wconf 77' lang='lat'><strong>2.</strong></span> <span class='ocrx_word' id='word_1_7' title='bbox 393 384 650 438; x_wconf 79' lang='lat' dir='ltr'><strong>Apprehensi</strong></span> <span class='ocrx_word' id='word_1_8' title='bbox 678 385 771 423; x_wconf 82' lang='lat' dir='ltr'><strong>sunt</strong></span> <span class='ocrx_word' id='word_1_9' title='bbox 799 377 1078 422; x_wconf 65' lang='lat' dir='ltr'>adolescentes</span> <span class='ocrx_word' id='word_1_10' title='bbox 1105 380 1429 432; x_wconf 75' lang='lat' dir='ltr'><strong>catechumeni,</strong></span> <span class='ocrx_word' id='word_1_11' title='bbox 1462 385 1709 428; x_wconf 76' lang='lat' dir='ltr'><strong>,Re-vocatus</strong></span> <span class='ocrx_word' id='word_1_12' title='bbox 1738 391 1780 428; x_wconf 82' lang='lat' dir='ltr'><strong>et</strong></span> <span class='ocrx_word' id='word_1_13' title='bbox 1809 390 2031 434; x_wconf 71' lang='lat' dir='ltr'><strong>Felicitas·</strong></span> 
     </span>
    </p>
   </div>
   <div class='ocr_carea' id='block_1_4' title="bbox 122 460 818 516">
    <p class='ocr_par' dir='ltr' id='par_1_4' title="bbox 122 460 818 516">
     <span class='ocr_line' id='line_1_4' title="bbox 122 460 818 516; baseline -0.003 -13"><span class='ocrx_word' id='word_1_14' title='bbox 122 475 315 504; x_wconf 74' lang='lat' dir='ltr'><strong>conserva</strong></span> <span class='ocrx_word' id='word_1_15' title='bbox 344 464 445 516; x_wconf 80' lang='lat' dir='ltr'><strong>ejus,</strong></span> <span class='ocrx_word' id='word_1_16' title='bbox 476 463 749 504; x_wconf 78' lang='lat' dir='ltr'><strong>Saturninus</strong></span> <span class='ocrx_word' id='word_1_17' title='bbox 764 460 818 510; x_wconf 82' lang='lat'><strong>1²,</strong></span> 
     </span>
    </p>
   </div>
   <div class='ocr_carea' id='block_1_5' title="bbox 119 535 1339 591">
    <p class='ocr_par' dir='ltr' id='par_1_5' title="bbox 119 535 1339 591">
     <span class='ocr_line' id='line_1_5' title="bbox 119 535 1339 591; baseline -0.002 -11"><span class='ocrx_word' id='word_1_18' title='bbox 119 542 311 591; x_wconf 84' lang='lat' dir='ltr'><strong>honesta,</strong></span> <span class='ocrx_word' id='word_1_19' title='bbox 348 542 571 581; x_wconf 79' lang='lat' dir='ltr'><strong>liberaliter</strong></span> <span class='ocrx_word' id='word_1_20' title='bbox 599 535 807 588; x_wconf 79' lang='lat' dir='ltr'><strong>instituta,</strong></span> <span class='ocrx_word' id='word_1_21' title='bbox 843 539 1120 579; x_wconf 83' lang='lat' dir='ltr'><strong>matronaliter</strong></span> <span class='ocrx_word' id='word_1_22' title='bbox 1149 536 1339 590; x_wconf 77' lang='lat' dir='ltr'><strong>nupta14;</strong></span> 
     </span>
    </p>
   </div>
   <div class='ocr_carea' id='block_1_6' title="bbox 864 458 2018 523">
    <p class='ocr_par' dir='ltr' id='par_1_6' title="bbox 864 458 2018 523">
     <span class='ocr_line' id='line_1_6' title="bbox 864 458 2018 523; baseline 0.01 -23"><span class='ocrx_word' id='word_1_23' title='bbox 864 464 906 500; x_wconf 89' lang='lat' dir='ltr'><strong>et</strong></span> <span class='ocrx_word' id='word_1_24' title='bbox 932 461 1215 502; x_wconf 75' lang='lat' dir='ltr'><strong>Secundulus.</strong></span> <span class='ocrx_word' id='word_1_25' title='bbox 1274 458 1386 499; x_wconf 81' lang='lat' dir='ltr'><strong>Inter</strong></span> <span class='ocrx_word' id='word_1_26' title='bbox 1414 462 1490 502; x_wconf 79' lang='lat' dir='ltr'><strong>lios</strong></span> <span class='ocrx_word' id='word_1_27' title='bbox 1522 467 1564 504; x_wconf 85' lang='lat' dir='ltr'><strong>et</strong></span> <span class='ocrx_word' id='word_1_28' title='bbox 1597 466 1702 506; x_wconf 74' lang='lat' dir='ltr'><strong>Vbia</strong></span> <span class='ocrx_word' id='word_1_29' title='bbox 1718 465 1753 493; x_wconf 78' lang='lat'><strong>1³</strong></span> <span class='ocrx_word' id='word_1_30' title='bbox 1784 468 2018 523; x_wconf 78' lang='lat' dir='ltr'><strong>Perpetua,</strong></span> 
     </span>
    </p>
   </div>
   <div class='ocr_carea' id='block_1_7' title="bbox 1389 539 2019 597">
    <p class='ocr_par' dir='ltr' id='par_1_7' title="bbox 1389 539 2019 597">
     <span class='ocr_line' id='line_1_7' title="bbox 1389 539 2019 597; baseline 0.017 -21"><span class='ocrx_word' id='word_1_31' title='bbox 1389 539 1543 580; x_wconf 87' lang='lat' dir='ltr'><strong>habens</strong></span> <span class='ocrx_word' id='word_1_32' title='bbox 1572 547 1729 594; x_wconf 87' lang='lat' dir='ltr'><strong>patrem</strong></span> <span class='ocrx_word' id='word_1_33' title='bbox 1761 548 1803 585; x_wconf 88' lang='lat' dir='ltr'><strong>et</strong></span> <span class='ocrx_word' id='word_1_34' title='bbox 1835 550 2019 597; x_wconf 88' lang='lat' dir='ltr'><strong>matrem,</strong></span> 
     </span>
    </p>
   </div>
   <div class='ocr_carea' id='block_1_8' title="bbox 120 615 2020 671">
    <p class='ocr_par' dir='ltr' id='par_1_8' title="bbox 120 615 2020 671">
     <span class='ocr_line' id='line_1_8' title="bbox 120 615 2020 671; baseline 0.004 -12"><span class='ocrx_word' id='word_1_35' title='bbox 120 623 163 660; x_wconf 85' lang='lat' dir='ltr'><strong>et</strong></span> <span class='ocrx_word' id='word_1_36' title='bbox 187 620 334 659; x_wconf 86' lang='lat' dir='ltr'><strong>fratres</strong></span> <span class='ocrx_word' id='word_1_37' title='bbox 367 620 491 659; x_wconf 85' lang='lat' dir='ltr'><strong>duos:</strong></span> <span class='ocrx_word' id='word_1_38' title='bbox 537 619 708 659; x_wconf 89' lang='lat' dir='ltr'><strong>alterum</strong></span> <span class='ocrx_word' id='word_1_39' title='bbox 742 631 859 671; x_wconf 85' lang='lat' dir='ltr'><strong>aeque</strong></span> <span class='ocrx_word' id='word_1_40' title='bbox 890 617 1254 666; x_wconf 87' lang='lat' dir='ltr'><strong>catechumenum,</strong></span> <span class='ocrx_word' id='word_1_41' title='bbox 1299 620 1342 657; x_wconf 83' lang='lat' dir='ltr'><strong>et</strong></span> <span class='ocrx_word' id='word_1_42' title='bbox 1375 617 1505 657; x_wconf 93' lang='lat' dir='ltr'><strong>filium</strong></span> <span class='ocrx_word' id='word_1_43' title='bbox 1531 615 1727 662; x_wconf 84' lang='lat' dir='ltr'><strong>infantem</strong></span> <span class='ocrx_word' id='word_1_44' title='bbox 1755 623 1806 663; x_wconf 90' lang='lat' dir='ltr'><strong>ad</strong></span> <span class='ocrx_word' id='word_1_45' title='bbox 1835 625 2020 666; x_wconf 84' lang='lat' dir='ltr'><strong>ubera15.</strong></span> 
     </span>
    </p>
   </div>
   <div class='ocr_carea' id='block_1_9' title="bbox 117 695 2019 755">
    <p class='ocr_par' dir='ltr' id='par_1_9' title="bbox 117 695 2019 755">
     <span class='ocr_line' id='line_1_9' title="bbox 117 695 2019 755; baseline 0.005 -18"><span class='ocrx_word' id='word_1_46' title='bbox 117 697 218 738; x_wconf 83' lang='lat' dir='ltr'><strong>Erat</strong></span> <span class='ocrx_word' id='word_1_47' title='bbox 244 700 378 737; x_wconf 80' lang='lat' dir='ltr'><strong>autem</strong></span> <span class='ocrx_word' id='word_1_48' title='bbox 400 698 485 750; x_wconf 91' lang='lat' dir='ltr'><strong>ipsa</strong></span> <span class='ocrx_word' id='word_1_49' title='bbox 513 697 677 737; x_wconf 84' lang='lat' dir='ltr'><strong>circiter</strong></span> <span class='ocrx_word' id='word_1_50' title='bbox 704 710 901 737; x_wconf 85' lang='lat' dir='ltr'><strong>annorum</strong></span> <span class='ocrx_word' id='word_1_51' title='bbox 926 697 1068 750; x_wconf 85' lang='lat' dir='ltr'><strong>viginti</strong></span> <span class='ocrx_word' id='word_1_52' title='bbox 1091 696 1185 735; x_wconf 91' lang='lat' dir='ltr'><strong>duo.</strong></span> <span class='ocrx_word' id='word_1_53' title='bbox 1241 695 1345 735; x_wconf 84' lang='lat' dir='ltr'><strong>Haec</strong></span> <span class='ocrx_word' id='word_1_54' title='bbox 1374 696 1559 736; x_wconf 85' lang='lat' dir='ltr'><strong>ordinem</strong></span> <span class='ocrx_word' id='word_1_55' title='bbox 1586 699 1718 739; x_wconf 90' lang='lat' dir='ltr'><strong>totum</strong></span> <span class='ocrx_word' id='word_1_56' title='bbox 1745 703 1927 755; x_wconf 85' lang='lat' dir='ltr'><strong>martyrii</strong></span> <span class='ocrx_word' id='word_1_57' title='bbox 1958 705 2019 745; x_wconf 82' lang='lat' dir='ltr'><strong>sui</strong></span> 
     </span>
    </p>
   </div>
   <div class='ocr_carea' id='block_1_10' title="bbox 111 775 1910 831">
    <p class='ocr_par' dir='ltr' id='par_1_10' title="bbox 111 775 1910 831">
     <span class='ocr_line' id='line_1_10' title="bbox 111 775 1910 831; baseline 0.002 -15"><span class='ocrx_word' id='word_1_58' title='bbox 111 775 198 829; x_wconf 88' lang='lat' dir='ltr'><strong>jam</strong></span> <span class='ocrx_word' id='word_1_59' title='bbox 225 775 322 816; x_wconf 85' lang='lat' dir='ltr'><strong>hinc</strong></span> <span class='ocrx_word' id='word_1_60' title='bbox 353 777 440 829; x_wconf 86' lang='lat' dir='ltr'><strong>ipsa</strong></span> <span class='ocrx_word' id='word_1_61' title='bbox 467 776 662 824; x_wconf 81' lang='lat' dir='ltr'><strong>narrabit,</strong></span> <span class='ocrx_word' id='word_1_62' title='bbox 703 776 808 815; x_wconf 84' lang='lat' dir='ltr'><strong>sicut</strong></span> <span class='ocrx_word' id='word_1_63' title='bbox 835 775 1110 827; x_wconf 88' lang='lat' dir='ltr'><strong>conscriptum</strong></span> <span class='ocrx_word' id='word_1_64' title='bbox 1137 786 1258 814; x_wconf 91' lang='lat' dir='ltr'><strong>manu</strong></span> <span class='ocrx_word' id='word_1_65' title='bbox 1289 787 1360 814; x_wconf 67' lang='lat' dir='ltr'><strong>sua</strong></span> <span class='ocrx_word' id='word_1_66' title='bbox 1398 778 1440 815; x_wconf 88' lang='lat' dir='ltr'><strong>et</strong></span> <span class='ocrx_word' id='word_1_67' title='bbox 1475 787 1549 815; x_wconf 84' lang='lat' dir='ltr'><strong>suo</strong></span> <span class='ocrx_word' id='word_1_68' title='bbox 1584 788 1705 817; x_wconf 84' lang='lat' dir='ltr'><strong>sensu</strong></span> <span class='ocrx_word' id='word_1_69' title='bbox 1730 781 1910 831; x_wconf 87' lang='lat' dir='ltr'><strong>reliquit.</strong></span> 
     </span>
    </p>
   </div>
   <div class='ocr_carea' id='block_1_11' title="bbox 295 851 2021 910">
    <p class='ocr_par' dir='ltr' id='par_1_11' title="bbox 295 851 2021 910">
     <span class='ocr_line' id='line_1_11' title="bbox 295 851 2021 910; baseline 0.003 -15"><span class='ocrx_word' id='word_1_70' title='bbox 295 854 337 895; x_wconf 82' lang='lat'><strong>3.</strong></span> <span class='ocrx_word' id='word_1_71' title='bbox 394 854 496 894; x_wconf 91' lang='lat' dir='ltr'><strong>Cum</strong></span> <span class='ocrx_word' id='word_1_72' title='bbox 528 854 673 902; x_wconf 87' lang='lat' dir='ltr'><strong>adhuc,</strong></span> <span class='ocrx_word' id='word_1_73' title='bbox 709 854 863 903; x_wconf 89' lang='lat' dir='ltr'><strong>inquit,</strong></span> <span class='ocrx_word' id='word_1_74' title='bbox 892 864 985 892; x_wconf 88' lang='lat' dir='ltr'><strong>cum</strong></span> <span class='ocrx_word' id='word_1_75' title='bbox 1010 853 1342 905; x_wconf 83' lang='lat' dir='ltr'><strong>persecutoribus</strong></span> <span class='ocrx_word' id='word_1_76' title='bbox 1370 851 1571 902; x_wconf 67' lang='lat' dir='ltr'><strong>essemffi,</strong></span> <span class='ocrx_word' id='word_1_77' title='bbox 1612 858 1654 894; x_wconf 87' lang='lat' dir='ltr'><strong>et</strong></span> <span class='ocrx_word' id='word_1_78' title='bbox 1675 869 1741 896; x_wconf 89' lang='lat' dir='ltr'><strong>me</strong></span> <span class='ocrx_word' id='word_1_79' title='bbox 1769 861 1885 910; x_wconf 79' lang='lat' dir='ltr'><strong>pater</strong></span> <span class='ocrx_word' id='word_1_80' title='bbox 1907 871 2021 901; x_wconf 88' lang='lat' dir='ltr'><strong>ever-</strong></span> 
     </span>
    </p>
   </div>
   <div class='ocr_carea' id='block_1_12' title="bbox 116 930 2021 989">
    <p class='ocr_par' dir='ltr' id='par_1_12' title="bbox 116 930 2021 989">
     <span class='ocr_line' id='line_1_12' title="bbox 116 930 2021 989; baseline 0.002 -14"><span class='ocrx_word' id='word_1_81' title='bbox 116 937 205 975; x_wconf 79' lang='lat' dir='ltr'><strong>tere</strong></span> <span class='ocrx_word' id='word_1_82' title='bbox 228 932 444 987; x_wconf 66' lang='lat' dir='ltr'><strong>cupiretw,</strong></span> <span class='ocrx_word' id='word_1_83' title='bbox 474 935 517 970; x_wconf 85' lang='lat' dir='ltr'><strong>et</strong></span> <span class='ocrx_word' id='word_1_84' title='bbox 543 931 768 984; x_wconf 76' lang='lat' dir='ltr'><strong>dejicere18</strong></span> <span class='ocrx_word' id='word_1_85' title='bbox 795 944 869 984; x_wconf 90' lang='lat' dir='ltr'><strong>pro</strong></span> <span class='ocrx_word' id='word_1_86' title='bbox 895 944 967 972; x_wconf 89' lang='lat' dir='ltr'><strong>sua</strong></span> <span class='ocrx_word' id='word_1_87' title='bbox 986 930 1203 971; x_wconf 86' lang='lat' dir='ltr'><strong>affectione</strong></span> <span class='ocrx_word' id='word_1_88' title='bbox 1221 935 1519 983; x_wconf 85' lang='lat' dir='ltr'><strong>perseveraret:</strong></span> <span class='ocrx_word' id='word_1_89' title='bbox 1549 932 1683 983; x_wconf 86' lang='lat' dir='ltr'><strong>Pater,</strong></span> <span class='ocrx_word' id='word_1_90' title='bbox 1711 936 1865 988; x_wconf 85' lang='lat' dir='ltr'><strong>inquio,</strong></span> <span class='ocrx_word' id='word_1_91' title='bbox 1892 938 2021 989; x_wconf 74' lang='lat' dir='ltr'><strong>vides,</strong></span> 
     </span>
    </p>
   </div>
   <div class='ocr_carea' id='block_1_13' title="bbox 116 1009 1794 1063">
    <p class='ocr_par' dir='ltr' id='par_1_13' title="bbox 116 1009 1794 1063">
     <span class='ocr_line' id='line_1_13' title="bbox 116 1009 1794 1063; baseline 0.002 -12"><span class='ocrx_word' id='word_1_92' title='bbox 116 1013 231 1053; x_wconf 86' lang='lat' dir='ltr'><strong>verbi</strong></span> <span class='ocrx_word' id='word_1_93' title='bbox 263 1012 413 1063; x_wconf 84' lang='lat' dir='ltr'><strong>gratia,</strong></span> <span class='ocrx_word' id='word_1_94' title='bbox 443 1021 511 1050; x_wconf 86' lang='lat' dir='ltr'><strong>vas</strong></span> <span class='ocrx_word' id='word_1_95' title='bbox 540 1010 621 1050; x_wconf 91' lang='lat' dir='ltr'><strong>hoc</strong></span> <span class='ocrx_word' id='word_1_96' title='bbox 645 1009 811 1062; x_wconf 85' lang='lat' dir='ltr'><strong>jacens,</strong></span> <span class='ocrx_word' id='word_1_97' title='bbox 851 1009 1085 1058; x_wconf 84' lang='lat' dir='ltr'><strong>urceolum,</strong></span> <span class='ocrx_word' id='word_1_98' title='bbox 1127 1009 1212 1049; x_wconf 83' lang='lat' dir='ltr'><strong>sive</strong></span> <span class='ocrx_word' id='word_1_99' title='bbox 1242 1009 1381 1049; x_wconf 71' lang='lat' dir='ltr'><strong>aliud?</strong></span> <span class='ocrx_word' id='word_1_100' title='bbox 1422 1013 1464 1049; x_wconf 88' lang='lat' dir='ltr'><strong>et</strong></span> <span class='ocrx_word' id='word_1_101' title='bbox 1495 1010 1621 1060; x_wconf 84' lang='lat' dir='ltr'><strong>dixit3</strong></span> <span class='ocrx_word' id='word_1_102' title='bbox 1661 1013 1794 1054; x_wconf 86' lang='lat' dir='ltr'><strong>video.</strong></span> 
     </span>
    </p>
   </div>
   <div class='ocr_carea' id='block_1_14' title="bbox 1859 1015 2019 1071">
    <p class='ocr_par' dir='ltr' id='par_1_14' title="bbox 1859 1015 2019 1071">
     <span class='ocr_line' id='line_1_14' title="bbox 1859 1015 2019 1071; baseline 0.025 -16"><span class='ocrx_word' id='word_1_103' title='bbox 1859 1015 1914 1057; x_wconf 85' lang='lat' dir='ltr'><strong>Et</strong></span> <span class='ocrx_word' id='word_1_104' title='bbox 1943 1030 2019 1071; x_wconf 82' lang='lat' dir='ltr'><strong>ego</strong></span> 
     </span>
    </p>
   </div>
   <div class='ocr_carea' id='block_1_15' title="bbox 116 1077 2019 1146">
    <p class='ocr_par' dir='ltr' id='par_1_15' title="bbox 116 1077 2019 1146">
     <span class='ocr_line' id='line_1_15' title="bbox 116 1077 2019 1146; baseline 0.004 -17"><span class='ocrx_word' id='word_1_105' title='bbox 116 1090 201 1129; x_wconf 83' lang='lat' dir='ltr'><strong>dixi</strong></span> <span class='ocrx_word' id='word_1_106' title='bbox 227 1089 287 1129; x_wconf 80' lang='lat' dir='ltr'><strong>ei:</strong></span> <span class='ocrx_word' id='word_1_107' title='bbox 329 1077 527 1141; x_wconf 87' lang='lat' dir='ltr'><strong>numquid</strong></span> <span class='ocrx_word' id='word_1_108' title='bbox 558 1088 637 1128; x_wconf 88' lang='lat' dir='ltr'><strong>alio</strong></span> <span class='ocrx_word' id='word_1_109' title='bbox 667 1088 831 1127; x_wconf 86' lang='lat' dir='ltr'><strong>nomine</strong></span> <span class='ocrx_word' id='word_1_110' title='bbox 860 1087 996 1128; x_wconf 87' lang='lat' dir='ltr'><strong>vocari</strong></span> <span class='ocrx_word' id='word_1_111' title='bbox 1028 1087 1190 1141; x_wconf 73' lang='lat' dir='ltr'><strong>potest?</strong></span> <span class='ocrx_word' id='word_1_112' title='bbox 1245 1088 1301 1128; x_wconf 85' lang='lat' dir='ltr'><strong>Et</strong></span> <span class='ocrx_word' id='word_1_113' title='bbox 1329 1089 1405 1129; x_wconf 88' lang='lat' dir='ltr'><strong>ait:</strong></span> <span class='ocrx_word' id='word_1_114' title='bbox 1462 1088 1568 1130; x_wconf 86' lang='lat' dir='ltr'><strong>Non.</strong></span> <span class='ocrx_word' id='word_1_115' title='bbox 1626 1089 1695 1131; x_wconf 84' lang='lat' dir='ltr'><strong>Sic</strong></span> <span class='ocrx_word' id='word_1_116' title='bbox 1732 1096 1773 1132; x_wconf 87' lang='lat' dir='ltr'><strong>et</strong></span> <span class='ocrx_word' id='word_1_117' title='bbox 1801 1106 1877 1146; x_wconf 85' lang='lat' dir='ltr'><strong>ego</strong></span> <span class='ocrx_word' id='word_1_118' title='bbox 1909 1096 2019 1136; x_wconf 88' lang='lat' dir='ltr'><strong>aliud</strong></span> 
     </span>
    </p>
   </div>
   <div class='ocr_carea' id='block_1_16' title="bbox 113 1165 1398 1219">
    <p class='ocr_par' dir='ltr' id='par_1_16' title="bbox 113 1165 1398 1219">
     <span class='ocr_line' id='line_1_16' title="bbox 113 1165 1398 1219; baseline 0 -12"><span class='ocrx_word' id='word_1_119' title='bbox 113 1180 181 1208; x_wconf 89' lang='lat' dir='ltr'><strong>me</strong></span> <span class='ocrx_word' id='word_1_120' title='bbox 214 1166 354 1206; x_wconf 86' lang='lat' dir='ltr'><strong>dicere</strong></span> <span class='ocrx_word' id='word_1_121' title='bbox 391 1180 472 1206; x_wconf 92' lang='lat' dir='ltr'><strong>non</strong></span> <span class='ocrx_word' id='word_1_122' title='bbox 507 1175 690 1219; x_wconf 85' lang='lat' dir='ltr'><strong>possum,</strong></span> <span class='ocrx_word' id='word_1_123' title='bbox 733 1167 812 1207; x_wconf 88' lang='lat' dir='ltr'><strong>nisi</strong></span> <span class='ocrx_word' id='word_1_124' title='bbox 843 1166 953 1218; x_wconf 85' lang='lat' dir='ltr'><strong>quod</strong></span> <span class='ocrx_word' id='word_1_125' title='bbox 997 1179 1113 1215; x_wconf 86' lang='lat' dir='ltr'><strong>sum,</strong></span> <span class='ocrx_word' id='word_1_126' title='bbox 1158 1165 1398 1207; x_wconf 88' lang='lat' dir='ltr'><strong>Christiana.</strong></span> 
     </span>
    </p>
   </div>
   <div class='ocr_carea' id='block_1_17' title="bbox 1470 1168 2019 1223">
    <p class='ocr_par' dir='ltr' id='par_1_17' title="bbox 1470 1168 2019 1223">
     <span class='ocr_line' id='line_1_17' title="bbox 1470 1168 2019 1223; baseline 0.013 -16"><span class='ocrx_word' id='word_1_127' title='bbox 1470 1168 1587 1208; x_wconf 89' lang='lat' dir='ltr'><strong>Tunc</strong></span> <span class='ocrx_word' id='word_1_128' title='bbox 1617 1175 1733 1223; x_wconf 84' lang='lat' dir='ltr'><strong>pater</strong></span> <span class='ocrx_word' id='word_1_129' title='bbox 1763 1175 1895 1212; x_wconf 86' lang='lat' dir='ltr'><strong>motus</strong></span> <span class='ocrx_word' id='word_1_130' title='bbox 1938 1174 2019 1214; x_wconf 89' lang='lat' dir='ltr'><strong>hoc</strong></span> 
     </span>
    </p>
   </div>
   <div class='ocr_carea' id='block_1_18' title="bbox 113 1244 2019 1303">
    <p class='ocr_par' dir='ltr' id='par_1_18' title="bbox 113 1244 2019 1303">
     <span class='ocr_line' id='line_1_18' title="bbox 113 1244 2019 1303; baseline 0.003 -18"><span class='ocrx_word' id='word_1_131' title='bbox 113 1245 238 1285; x_wconf 86' lang='lat' dir='ltr'><strong>verbo</strong></span> <span class='ocrx_word' id='word_1_132' title='bbox 268 1245 392 1284; x_wconf 84' lang='lat' dir='ltr'><strong>mittit</strong></span> <span class='ocrx_word' id='word_1_133' title='bbox 415 1257 460 1284; x_wconf 91' lang='lat' dir='ltr'><strong>se</strong></span> <span class='ocrx_word' id='word_1_134' title='bbox 490 1245 533 1284; x_wconf 89' lang='lat' dir='ltr'><strong>in</strong></span> <span class='ocrx_word' id='word_1_135' title='bbox 562 1257 647 1293; x_wconf 89' lang='lat' dir='ltr'><strong>me,</strong></span> <span class='ocrx_word' id='word_1_136' title='bbox 680 1248 732 1284; x_wconf 82' lang='lat' dir='ltr'><strong>ut</strong></span> <span class='ocrx_word' id='word_1_137' title='bbox 764 1246 902 1284; x_wconf 89' lang='lat' dir='ltr'><strong>oculos</strong></span> <span class='ocrx_word' id='word_1_138' title='bbox 934 1245 1036 1284; x_wconf 87' lang='lat' dir='ltr'><strong>mihi</strong></span> <span class='ocrx_word' id='word_1_139' title='bbox 1074 1249 1258 1284; x_wconf 81' lang='lat' dir='ltr'><strong>erueret:</strong></span> <span class='ocrx_word' id='word_1_140' title='bbox 1313 1244 1387 1283; x_wconf 82' lang='lat' dir='ltr'><strong>sed</strong></span> <span class='ocrx_word' id='word_1_141' title='bbox 1415 1247 1571 1286; x_wconf 82' lang='lat' dir='ltr'><strong>vexavit</strong></span> <span class='ocrx_word' id='word_1_142' title='bbox 1602 1247 1821 1297; x_wconf 77' lang='lat' dir='ltr'><strong>tantum1⁹‚</strong></span> <span class='ocrx_word' id='word_1_143' title='bbox 1862 1254 1903 1289; x_wconf 89' lang='lat' dir='ltr'><strong>et</strong></span> <span class='ocrx_word' id='word_1_144' title='bbox 1926 1265 2019 1303; x_wconf 86' lang='lat' dir='ltr'><strong>pro-</strong></span> 
     </span>
    </p>
   </div>
   <div class='ocr_carea' id='block_1_19' title="bbox 113 1321 2019 1377">
    <p class='ocr_par' dir='ltr' id='par_1_19' title="bbox 113 1321 2019 1377">
     <span class='ocr_line' id='line_1_19' title="bbox 113 1321 2019 1377; baseline 0.004 -14"><span class='ocrx_word' id='word_1_145' title='bbox 113 1323 271 1364; x_wconf 83' lang='lat' dir='ltr'><strong>fecto2⁰</strong></span> <span class='ocrx_word' id='word_1_146' title='bbox 298 1326 360 1362; x_wconf 88' lang='lat' dir='ltr'><strong>est</strong></span> <span class='ocrx_word' id='word_1_147' title='bbox 389 1323 518 1362; x_wconf 86' lang='lat' dir='ltr'><strong>v&#39;ictus</strong></span> <span class='ocrx_word' id='word_1_148' title='bbox 546 1335 638 1362; x_wconf 90' lang='lat' dir='ltr'><strong>cum</strong></span> <span class='ocrx_word' id='word_1_149' title='bbox 661 1324 906 1375; x_wconf 85' lang='lat' dir='ltr'><strong>argumentis</strong></span> <span class='ocrx_word' id='word_1_150' title='bbox 932 1321 1092 1362; x_wconf 80' lang='lat' dir='ltr'><strong>Diaboli</strong></span> <span class='ocrx_word' id='word_1_151' title='bbox 1104 1321 1152 1361; x_wconf 83' lang='lat'><strong>²¹.</strong></span> <span class='ocrx_word' id='word_1_152' title='bbox 1211 1321 1329 1362; x_wconf 86' lang='lat' dir='ltr'><strong>Tunc</strong></span> <span class='ocrx_word' id='word_1_153' title='bbox 1352 1323 1491 1375; x_wconf 84' lang='lat' dir='ltr'><strong>paucis</strong></span> <span class='ocrx_word' id='word_1_154' title='bbox 1516 1324 1658 1364; x_wconf 84' lang='lat' dir='ltr'><strong>diebus</strong></span> <span class='ocrx_word' id='word_1_155' title='bbox 1675 1325 1784 1377; x_wconf 87' lang='lat' dir='ltr'><strong>quod</strong></span> <span class='ocrx_word' id='word_1_156' title='bbox 1801 1329 2019 1371; x_wconf 76' lang='lat' dir='ltr'><strong>caruissem</strong></span> 
     </span>
    </p>
   </div>
   <div class='ocr_carea' id='block_1_20' title="bbox 110 1422 2021 1441">
    <p class='ocr_par' dir='ltr' id='par_1_20' title="bbox 110 1422 2021 1441">
     <span class='ocr_line' id='line_1_20' title="bbox 110 1422 2021 1441; baseline 0.004 -10"><span class='ocrx_word' id='word_1_157' title='bbox 110 1422 2021 1441; x_wconf 38' lang='lat' dir='ltr'><strong>fflqss———m—-q</strong></span> 
     </span>
    </p>
   </div>
   <div class='ocr_carea' id='block_1_21' title="bbox 137 1476 513 1512">
    <p class='ocr_par' dir='ltr' id='par_1_21' title="bbox 137 1476 513 1512">
     <span class='ocr_line' id='line_1_21' title="bbox 137 1476 513 1512; baseline -0.003 0"><span class='ocrx_word' id='word_1_158' title='bbox 137 1476 174 1507; x_wconf 84' lang='lat'><strong>12</strong></span> <span class='ocrx_word' id='word_1_159' title='bbox 199 1478 315 1512; x_wconf 84' lang='lat' dir='ltr'><strong>Codd.</strong></span> <span class='ocrx_word' id='word_1_160' title='bbox 340 1477 513 1511; x_wconf 74' lang='lat' dir='ltr'><strong>addunt:</strong></span> 
     </span>
    </p>
   </div>
   <div class='ocr_carea' id='block_1_22' title="bbox 207 1544 625 1589">
    <p class='ocr_par' dir='ltr' id='par_1_22' title="bbox 207 1544 625 1589">
     <span class='ocr_line' id='line_1_22' title="bbox 207 1544 625 1589; baseline -0.002 -9"><span class='ocrx_word' id='word_1_161' title='bbox 207 1549 354 1580; x_wconf 76' lang='lat' dir='ltr'><strong>textum</strong></span> <span class='ocrx_word' id='word_1_162' title='bbox 386 1544 531 1589; x_wconf 80' lang='lat' dir='ltr'><strong>recepit</strong></span> <span class='ocrx_word' id='word_1_163' title='bbox 576 1545 625 1579; x_wconf 88' lang='lat' dir='ltr'><strong>R.</strong></span> 
     </span>
    </p>
   </div>
   <div class='ocr_carea' id='block_1_23' title="bbox 564 1476 1045 1521">
    <p class='ocr_par' dir='ltr' id='par_1_23' title="bbox 564 1476 1045 1521">
     <span class='ocr_line' id='line_1_23' title="bbox 564 1476 1045 1521; baseline 0.006 -11"><span class='ocrx_word' id='word_1_164' title='bbox 564 1476 784 1511; x_wconf 76' lang='lat' dir='ltr'><strong>Saturninus</strong></span> <span class='ocrx_word' id='word_1_165' title='bbox 794 1502 805 1519; x_wconf 95' lang='lat'><strong>,</strong></span> <span class='ocrx_word' id='word_1_166' title='bbox 853 1489 965 1521; x_wconf 85' lang='lat' dir='ltr'><strong>quem</strong></span> <span class='ocrx_word' id='word_1_167' title='bbox 1006 1478 1045 1513; x_wconf 88' lang='lat' dir='ltr'><strong>in</strong></span> 
     </span>
    </p>
   </div>
   <div class='ocr_carea' id='block_1_24' title="bbox 139 1627 1044 1813">
    <p class='ocr_par' dir='ltr' id='par_1_24' title="bbox 139 1627 1044 1813">
     <span class='ocr_line' id='line_1_24' title="bbox 139 1627 1044 1675; baseline 0.003 -11"><span class='ocrx_word' id='word_1_168' title='bbox 139 1629 175 1659; x_wconf 82' lang='lat'><strong>13</strong></span> <span class='ocrx_word' id='word_1_169' title='bbox 198 1631 309 1665; x_wconf 88' lang='lat' dir='ltr'><strong>Hanc</strong></span> <span class='ocrx_word' id='word_1_170' title='bbox 348 1628 552 1664; x_wconf 84' lang='lat' dir='ltr'><strong>lectionem</strong></span> <span class='ocrx_word' id='word_1_171' title='bbox 589 1627 702 1662; x_wconf 81' lang='lat' dir='ltr'><strong>alteri</strong></span> <span class='ocrx_word' id='word_1_172' title='bbox 740 1630 840 1674; x_wconf 81' lang='lat' dir='ltr'><strong>apud</strong></span> <span class='ocrx_word' id='word_1_173' title='bbox 870 1630 918 1666; x_wconf 83' lang='lat' dir='ltr'><strong>R.</strong></span> <span class='ocrx_word' id='word_1_174' title='bbox 964 1642 1044 1675; x_wconf 85' lang='lat' dir='ltr'><strong>quae</strong></span> 
     </span>
     <span class='ocr_line' id='line_1_25' title="bbox 214 1699 1044 1742; baseline 0.001 -8"><span class='ocrx_word' id='word_1_175' title='bbox 214 1699 318 1735; x_wconf 78' lang='lat' dir='ltr'><strong>Vivia</strong></span> <span class='ocrx_word' id='word_1_176' title='bbox 340 1699 470 1741; x_wconf 86' lang='lat' dir='ltr'><strong>habet,</strong></span> <span class='ocrx_word' id='word_1_177' title='bbox 495 1699 667 1742; x_wconf 70' lang='lat' dir='ltr'><strong>praefero.</strong></span> <span class='ocrx_word' id='word_1_178' title='bbox 715 1699 814 1734; x_wconf 80' lang='lat' dir='ltr'><strong>Ubia</strong></span> <span class='ocrx_word' id='word_1_179' title='bbox 836 1703 896 1735; x_wconf 80' lang='lat' dir='ltr'><strong>eat</strong></span> <span class='ocrx_word' id='word_1_180' title='bbox 907 1711 1044 1735; x_wconf 84' lang='lat' dir='ltr'><strong>nomen</strong></span> 
     </span>
     <span class='ocr_line' id='line_1_26' title="bbox 205 1750 776 1813; baseline -0.005 -9"><span class='ocrx_word' id='word_1_181' title='bbox 205 1768 436 1810; x_wconf 83' lang='lat' dir='ltr'><strong>Romanum,</strong></span> <span class='ocrx_word' id='word_1_182' title='bbox 461 1767 612 1802; x_wconf 85' lang='lat' dir='ltr'><strong>Viviam</strong></span> <span class='ocrx_word' id='word_1_183' title='bbox 629 1750 776 1813; x_wconf 84' lang='lat' dir='ltr'><strong>ignoro.</strong></span> 
     </span>
    </p>
   </div>
   <div class='ocr_carea' id='block_1_25' title="bbox 138 1851 1042 2036">
    <p class='ocr_par' dir='ltr' id='par_1_25' title="bbox 138 1851 1042 2036">
     <span class='ocr_line' id='line_1_27' title="bbox 138 1851 1041 1888; baseline 0 0"><span class='ocrx_word' id='word_1_184' title='bbox 138 1851 174 1881; x_wconf 71' lang='lat'><strong>1⁴</strong></span> <span class='ocrx_word' id='word_1_185' title='bbox 206 1853 320 1888; x_wconf 88' lang='lat' dir='ltr'><strong>Hunc</strong></span> <span class='ocrx_word' id='word_1_186' title='bbox 351 1852 480 1887; x_wconf 92' lang='lat' dir='ltr'><strong>locum</strong></span> <span class='ocrx_word' id='word_1_187' title='bbox 514 1863 535 1886; x_wconf 87' lang='lat' dir='ltr'><strong>e</strong></span> <span class='ocrx_word' id='word_1_188' title='bbox 568 1851 761 1886; x_wconf 85' lang='lat' dir='ltr'><strong>codicibus</strong></span> <span class='ocrx_word' id='word_1_189' title='bbox 791 1851 959 1888; x_wconf 83' lang='lat' dir='ltr'><strong>restituit</strong></span> <span class='ocrx_word' id='word_1_190' title='bbox 992 1852 1041 1888; x_wconf 89' lang='lat' dir='ltr'><strong>R.</strong></span> 
     </span>
     <span class='ocr_line' id='line_1_28' title="bbox 205 1921 1042 1961; baseline 0 -5"><span class='ocrx_word' id='word_1_191' title='bbox 205 1922 336 1957; x_wconf 80' lang='lat' dir='ltr'><strong>Habet</strong></span> <span class='ocrx_word' id='word_1_192' title='bbox 358 1921 461 1956; x_wconf 87' lang='lat' dir='ltr'><strong>enim</strong></span> <span class='ocrx_word' id='word_1_193' title='bbox 493 1923 620 1957; x_wconf 79' lang='lat' dir='ltr'><strong>textus</strong></span> <span class='ocrx_word' id='word_1_194' title='bbox 651 1921 845 1961; x_wconf 88' lang='lat' dir='ltr'><strong>Holstenii</strong></span> <span class='ocrx_word' id='word_1_195' title='bbox 866 1923 1042 1958; x_wconf 74' lang='lat' dir='ltr'><strong>Matrona</strong></span> 
     </span>
     <span class='ocr_line' id='line_1_29' title="bbox 206 1991 450 2036; baseline 0.008 -13"><span class='ocrx_word' id='word_1_196' title='bbox 206 1991 290 2026; x_wconf 79' lang='lat' dir='ltr'><strong>licet</strong></span> <span class='ocrx_word' id='word_1_197' title='bbox 323 1995 450 2036; x_wconf 77' lang='lat' dir='ltr'><strong>nupta.</strong></span> 
     </span>
    </p>
   </div>
   <div class='ocr_carea' id='block_1_26' title="bbox 138 2074 1042 2536">
    <p class='ocr_par' dir='ltr' id='par_1_26' title="bbox 138 2074 1042 2536">
     <span class='ocr_line' id='line_1_30' title="bbox 138 2074 1041 2119; baseline 0.001 -9"><span class='ocrx_word' id='word_1_198' title='bbox 138 2075 173 2104; x_wconf 88' lang='lat'><strong>15</strong></span> <span class='ocrx_word' id='word_1_199' title='bbox 195 2074 330 2110; x_wconf 85' lang='lat' dir='ltr'><strong>Mariti</strong></span> <span class='ocrx_word' id='word_1_200' title='bbox 352 2074 457 2108; x_wconf 86' lang='lat' dir='ltr'><strong>nulla</strong></span> <span class='ocrx_word' id='word_1_201' title='bbox 480 2074 524 2108; x_wconf 85' lang='lat' dir='ltr'><strong>fit</strong></span> <span class='ocrx_word' id='word_1_202' title='bbox 552 2074 707 2109; x_wconf 88' lang='lat' dir='ltr'><strong>mentio.</strong></span> <span class='ocrx_word' id='word_1_203' title='bbox 754 2075 810 2109; x_wconf 88' lang='lat' dir='ltr'><strong>An</strong></span> <span class='ocrx_word' id='word_1_204' title='bbox 836 2076 935 2119; x_wconf 75' lang='lat' dir='ltr'><strong>qvod</strong></span> <span class='ocrx_word' id='word_1_205' title='bbox 956 2087 1041 2111; x_wconf 90' lang='lat' dir='ltr'><strong>mu-</strong></span> 
     </span>
     <span class='ocr_line' id='line_1_31' title="bbox 208 2142 1042 2189; baseline 0.001 -11"><span class='ocrx_word' id='word_1_206' title='bbox 208 2144 304 2178; x_wconf 85' lang='lat' dir='ltr'><strong>liere</strong></span> <span class='ocrx_word' id='word_1_207' title='bbox 325 2142 512 2189; x_wconf 83' lang='lat' dir='ltr'><strong>gravioris</strong></span> <span class='ocrx_word' id='word_1_208' title='bbox 540 2142 710 2176; x_wconf 84' lang='lat' dir='ltr'><strong>criminis</strong></span> <span class='ocrx_word' id='word_1_209' title='bbox 734 2147 938 2188; x_wconf 83' lang='lat' dir='ltr'><strong>comperta,</strong></span> <span class='ocrx_word' id='word_1_210' title='bbox 965 2143 1042 2179; x_wconf 83' lang='lat' dir='ltr'><strong>diS-</strong></span> 
     </span>
     <span class='ocr_line' id='line_1_32' title="bbox 192 2211 1040 2256; baseline 0 -8"><span class='ocrx_word' id='word_1_211' title='bbox 192 2213 374 2248; x_wconf 72' lang='lat' dir='ltr'><strong>solutum</strong></span> <span class='ocrx_word' id='word_1_212' title='bbox 390 2215 479 2246; x_wconf 88' lang='lat' dir='ltr'><strong>tunc</strong></span> <span class='ocrx_word' id='word_1_213' title='bbox 499 2211 786 2246; x_wconf 83' lang='lat' dir='ltr'><strong>matrimonium</strong></span> <span class='ocrx_word' id='word_1_214' title='bbox 804 2213 1040 2256; x_wconf 83' lang='lat' dir='ltr'><strong>censebatur,</strong></span> 
     </span>
     <span class='ocr_line' id='line_1_33' title="bbox 207 2280 1040 2327; baseline 0 -11"><span class='ocrx_word' id='word_1_215' title='bbox 207 2285 250 2317; x_wconf 88' lang='lat' dir='ltr'><strong>ut</strong></span> <span class='ocrx_word' id='word_1_216' title='bbox 290 2280 394 2315; x_wconf 89' lang='lat' dir='ltr'><strong>innui</strong></span> <span class='ocrx_word' id='word_1_217' title='bbox 426 2280 579 2315; x_wconf 82' lang='lat' dir='ltr'><strong>videtur</strong></span> <span class='ocrx_word' id='word_1_218' title='bbox 616 2282 702 2327; x_wconf 84' lang='lat' dir='ltr'><strong>lege</strong></span> <span class='ocrx_word' id='word_1_219' title='bbox 734 2280 757 2315; x_wconf 86' lang='lat'>5</span> <span class='ocrx_word' id='word_1_220' title='bbox 786 2281 831 2316; x_wconf 91' lang='lat' dir='ltr'><strong>D.</strong></span> <span class='ocrx_word' id='word_1_221' title='bbox 861 2281 906 2315; x_wconf 85' lang='lat' dir='ltr'><strong>de</strong></span> <span class='ocrx_word' id='word_1_222' title='bbox 930 2281 1040 2316; x_wconf 83' lang='lat' dir='ltr'><strong>bonis</strong></span> 
     </span>
     <span class='ocr_line' id='line_1_34' title="bbox 208 2350 1038 2394; baseline 0 -8"><span class='ocrx_word' id='word_1_223' title='bbox 208 2352 497 2392; x_wconf 79' lang='lat' dir='ltr'><strong>damnatorum3</strong></span> <span class='ocrx_word' id='word_1_224' title='bbox 520 2360 566 2384; x_wconf 82' lang='lat' dir='ltr'><strong>an</strong></span> <span class='ocrx_word' id='word_1_225' title='bbox 578 2350 676 2394; x_wconf 86' lang='lat' dir='ltr'><strong>qvod</strong></span> <span class='ocrx_word' id='word_1_226' title='bbox 690 2350 927 2386; x_wconf 83' lang='lat' dir='ltr'><strong>Christianus</strong></span> <span class='ocrx_word' id='word_1_227' title='bbox 945 2354 1038 2394; x_wconf 83' lang='lat' dir='ltr'><strong>erat,</strong></span> 
     </span>
     <span class='ocr_line' id='line_1_35' title="bbox 206 2404 1039 2465; baseline 0.001 -11"><span class='ocrx_word' id='word_1_228' title='bbox 206 2423 250 2455; x_wconf 87' lang='lat' dir='ltr'><strong>ut</strong></span> <span class='ocrx_word' id='word_1_229' title='bbox 278 2430 323 2453; x_wconf 84' lang='lat' dir='ltr'><strong>ex</strong></span> <span class='ocrx_word' id='word_1_230' title='bbox 358 2418 470 2464; x_wconf 85' lang='lat' dir='ltr'><strong>paulo</strong></span> <span class='ocrx_word' id='word_1_231' title='bbox 508 2417 667 2453; x_wconf 86' lang='lat' dir='ltr'><strong>inferius</strong></span> <span class='ocrx_word' id='word_1_232' title='bbox 695 2404 844 2465; x_wconf 82' lang='lat' dir='ltr'><strong>scriptis</strong></span> <span class='ocrx_word' id='word_1_233' title='bbox 874 2421 921 2454; x_wconf 88' lang='lat' dir='ltr'><strong>ab</strong></span> <span class='ocrx_word' id='word_1_234' title='bbox 957 2420 1039 2465; x_wconf 78' lang='lat' dir='ltr'><strong>ipsa</strong></span> 
     </span>
     <span class='ocr_line' id='line_1_36' title="bbox 206 2487 1036 2536; baseline 0 -12"><span class='ocrx_word' id='word_1_235' title='bbox 206 2489 397 2534; x_wconf 83' lang='lat' dir='ltr'><strong>Perpetua</strong></span> <span class='ocrx_word' id='word_1_236' title='bbox 435 2489 538 2522; x_wconf 85' lang='lat' dir='ltr'><strong>recte</strong></span> <span class='ocrx_word' id='word_1_237' title='bbox 571 2487 724 2523; x_wconf 84' lang='lat' dir='ltr'><strong>videtur</strong></span> <span class='ocrx_word' id='word_1_238' title='bbox 758 2489 919 2536; x_wconf 69' lang='lat' dir='ltr'><strong>colligi?</strong></span> <span class='ocrx_word' id='word_1_239' title='bbox 984 2489 1036 2524; x_wconf 89' lang='lat' dir='ltr'><strong>H.</strong></span> 
     </span>
    </p>
   </div>
   <div class='ocr_carea' id='block_1_27' title="bbox 140 2570 1038 2684">
    <p class='ocr_par' dir='ltr' id='par_1_27' title="bbox 140 2570 1038 2684">
     <span class='ocr_line' id='line_1_37' title="bbox 140 2570 1038 2633; baseline 0.001 -24"><span class='ocrx_word' id='word_1_240' title='bbox 140 2574 172 2603; x_wconf 81' lang='grc'><strong>16</strong></span> <span class='ocrx_word' id='word_1_241' title='bbox 198 2575 294 2609; x_wconf 88' lang='lat' dir='ltr'><strong>Cum</strong></span> <span class='ocrx_word' id='word_1_242' title='bbox 316 2570 503 2613; x_wconf 79' lang='lat' dir='ltr'><strong>EthniciS,</strong></span> <span class='ocrx_word' id='word_1_243' title='bbox 543 2574 744 2617; x_wconf 81' lang='lat' dir='ltr'><strong>antequam</strong></span> <span class='ocrx_word' id='word_1_244' title='bbox 778 2573 1038 2633; x_wconf 32' lang='lat' dir='ltr'><strong>inlcarcerem</strong></span> 
     </span>
     <span class='ocr_line' id='line_1_38' title="bbox 208 2641 1036 2684; baseline 0.005 -7"><span class='ocrx_word' id='word_1_245' title='bbox 208 2644 483 2678; x_wconf 82' lang='lat' dir='ltr'><strong>detruderetur.</strong></span> <span class='ocrx_word' id='word_1_246' title='bbox 530 2641 631 2676; x_wconf 83' lang='lat' dir='ltr'><strong>Loco</strong></span> <span class='ocrx_word' id='word_1_247' title='bbox 660 2654 792 2684; x_wconf 81' lang='lat' dir='ltr'><strong>essem,</strong></span> <span class='ocrx_word' id='word_1_248' title='bbox 839 2644 956 2680; x_wconf 86' lang='lat' dir='ltr'><strong>habet</strong></span> <span class='ocrx_word' id='word_1_249' title='bbox 988 2645 1036 2681; x_wconf 88' lang='lat' dir='ltr'><strong>R.</strong></span> 
     </span>
    </p>
   </div>
   <div class='ocr_carea' id='block_1_28' title="bbox 207 2723 366 2747">
    <p class='ocr_par' dir='ltr' id='par_1_28' title="bbox 207 2723 366 2747">
     <span class='ocr_line' id='line_1_39' title="bbox 207 2723 366 2747; baseline -0.006 -1"><span class='ocrx_word' id='word_1_250' title='bbox 207 2723 366 2747; x_wconf 71' lang='lat' dir='ltr'><strong>essemus.</strong></span> 
     </span>
    </p>
   </div>
   <div class='ocr_carea' id='block_1_29' title="bbox 1118 1477 2028 1791">
    <p class='ocr_par' dir='ltr' id='par_1_29' title="bbox 1118 1477 2028 1791">
     <span class='ocr_line' id='line_1_40' title="bbox 1118 1477 2017 1529; baseline 0.011 -18"><span class='ocrx_word' id='word_1_251' title='bbox 1118 1477 1152 1505; x_wconf 81' lang='lat'><strong>17</strong></span> <span class='ocrx_word' id='word_1_252' title='bbox 1179 1478 1242 1512; x_wconf 85' lang='lat' dir='ltr'><strong>Sic</strong></span> <span class='ocrx_word' id='word_1_253' title='bbox 1268 1479 1433 1513; x_wconf 83' lang='lat' dir='ltr'><strong>correxit</strong></span> <span class='ocrx_word' id='word_1_254' title='bbox 1460 1480 1508 1514; x_wconf 90' lang='lat' dir='ltr'><strong>R.</strong></span> <span class='ocrx_word' id='word_1_255' title='bbox 1543 1484 1579 1513; x_wconf 86' lang='lat' dir='ltr'><strong>et</strong></span> <span class='ocrx_word' id='word_1_256' title='bbox 1616 1492 1672 1515; x_wconf 86' lang='lat' dir='ltr'><strong>me</strong></span> <span class='ocrx_word' id='word_1_257' title='bbox 1702 1487 1813 1526; x_wconf 81' lang='lat' dir='ltr'><strong>pater</strong></span> <span class='ocrx_word' id='word_1_258' title='bbox 1844 1491 2017 1529; x_wconf 79' lang='lat' dir='ltr'><strong>avertere,</strong></span> 
     </span>
     <span class='ocr_line' id='line_1_41' title="bbox 1185 1546 2028 1593; baseline 0.012 -13"><span class='ocrx_word' id='word_1_259' title='bbox 1185 1546 1322 1581; x_wconf 86' lang='lat' dir='ltr'><strong>omisso</strong></span> <span class='ocrx_word' id='word_1_260' title='bbox 1362 1549 1480 1582; x_wconf 84' lang='lat' dir='ltr'><strong>verbo</strong></span> <span class='ocrx_word' id='word_1_261' title='bbox 1514 1549 1676 1593; x_wconf 70' lang='lat' dir='ltr'><strong>cupz’ret,</strong></span> <span class='ocrx_word' id='word_1_262' title='bbox 1713 1554 1752 1586; x_wconf 83' lang='lat' dir='ltr'><strong>at</strong></span> <span class='ocrx_word' id='word_1_263' title='bbox 1779 1552 1859 1587; x_wconf 82' lang='lat' dir='ltr'><strong>sine</strong></span> <span class='ocrx_word' id='word_1_264' title='bbox 1885 1554 2028 1590; x_wconf 47' lang='lat' dir='ltr'><strong>idonea*</strong></span> 
     </span>
     <span class='ocr_line' id='line_1_42' title="bbox 1186 1616 2018 1667; baseline 0.01 -17"><span class='ocrx_word' id='word_1_265' title='bbox 1186 1626 1317 1660; x_wconf 83' lang='lat' dir='ltr'><strong>causa3</strong></span> <span class='ocrx_word' id='word_1_266' title='bbox 1360 1616 1473 1651; x_wconf 74' lang='lat' dir='ltr'><strong>everti</strong></span> <span class='ocrx_word' id='word_1_267' title='bbox 1502 1616 1603 1651; x_wconf 83' lang='lat' dir='ltr'><strong>enim</strong></span> <span class='ocrx_word' id='word_1_268' title='bbox 1625 1619 1765 1663; x_wconf 86' lang='lat' dir='ltr'><strong>optime</strong></span> <span class='ocrx_word' id='word_1_269' title='bbox 1785 1621 1862 1656; x_wconf 88' lang='lat' dir='ltr'><strong>dici</strong></span> <span class='ocrx_word' id='word_1_270' title='bbox 1881 1624 2018 1667; x_wconf 82' lang='lat' dir='ltr'><strong>potuit,</strong></span> 
     </span>
     <span class='ocr_line' id='line_1_43' title="bbox 1186 1685 2018 1735; baseline 0.011 -16"><span class='ocrx_word' id='word_1_271' title='bbox 1186 1696 1267 1729; x_wconf 85' lang='lat' dir='ltr'><strong>quae</strong></span> <span class='ocrx_word' id='word_1_272' title='bbox 1296 1685 1343 1720; x_wconf 78' lang='lat' dir='ltr'><strong>ad</strong></span> <span class='ocrx_word' id='word_1_273' title='bbox 1370 1687 1617 1721; x_wconf 84' lang='lat' dir='ltr'><strong>deserendam</strong></span> <span class='ocrx_word' id='word_1_274' title='bbox 1648 1688 1874 1735; x_wconf 81' lang='lat' dir='ltr'><strong>religionem</strong></span> <span class='ocrx_word' id='word_1_275' title='bbox 1905 1692 2018 1727; x_wconf 78' lang='lat' dir='ltr'><strong>Chri-</strong></span> 
     </span>
     <span class='ocr_line' id='line_1_44' title="bbox 1184 1753 1640 1791; baseline 0.009 -4"><span class='ocrx_word' id='word_1_276' title='bbox 1184 1753 1347 1788; x_wconf 80' lang='lat' dir='ltr'><strong>stianam</strong></span> <span class='ocrx_word' id='word_1_277' title='bbox 1378 1755 1640 1791; x_wconf 83' lang='lat' dir='ltr'><strong>seducebatur.</strong></span> 
     </span>
    </p>
   </div>
   <div class='ocr_carea' id='block_1_30' title="bbox 1112 1834 2018 1960">
    <p class='ocr_par' dir='ltr' id='par_1_30' title="bbox 1112 1834 2018 1960">
     <span class='ocr_line' id='line_1_45' title="bbox 1112 1834 2018 1890; baseline 0.012 -20"><span class='ocrx_word' id='word_1_278' title='bbox 1112 1834 1149 1865; x_wconf 83' lang='grc'><strong>18</strong></span> <span class='ocrx_word' id='word_1_279' title='bbox 1172 1836 1387 1880; x_wconf 85' lang='lat' dir='ltr'><strong>Dejiciendi</strong></span> <span class='ocrx_word' id='word_1_280' title='bbox 1412 1850 1486 1874; x_wconf 80' lang='lat' dir='ltr'><strong>vox</strong></span> <span class='ocrx_word' id='word_1_281' title='bbox 1513 1851 1536 1875; x_wconf 85' lang='lat' dir='ltr'><strong>a</strong></span> <span class='ocrx_word' id='word_1_282' title='bbox 1562 1841 1755 1887; x_wconf 81' lang='lat' dir='ltr'><strong>pugilibus</strong></span> <span class='ocrx_word' id='word_1_283' title='bbox 1782 1848 1820 1879; x_wconf 89' lang='lat' dir='ltr'><strong>et</strong></span> <span class='ocrx_word' id='word_1_284' title='bbox 1844 1846 2018 1890; x_wconf 60' lang='lat' dir='ltr'><strong>palaestra</strong></span> 
     </span>
     <span class='ocr_line' id='line_1_46' title="bbox 1182 1907 2018 1960; baseline 0.008 -20"><span class='ocrx_word' id='word_1_285' title='bbox 1182 1907 1365 1942; x_wconf 84' lang='lat' dir='ltr'><strong>translata</strong></span> <span class='ocrx_word' id='word_1_286' title='bbox 1375 1908 1682 1952; x_wconf 81' lang='lat' dir='ltr'><strong>frequentissima</strong></span> <span class='ocrx_word' id='word_1_287' title='bbox 1702 1916 1757 1947; x_wconf 83' lang='lat' dir='ltr'><strong>est</strong></span> <span class='ocrx_word' id='word_1_288' title='bbox 1778 1914 1879 1957; x_wconf 81' lang='lat' dir='ltr'><strong>apud</strong></span> <span class='ocrx_word' id='word_1_289' title='bbox 1899 1915 2018 1960; x_wconf 82' lang='lat' dir='ltr'><strong>scrip-</strong></span> 
     </span>
    </p>
   </div>
   <div class='ocr_carea' id='block_1_31' title="bbox 1182 1976 2019 2089">
    <p class='ocr_par' dir='ltr' id='par_1_31' title="bbox 1182 1976 2019 2089">
     <span class='ocr_line' id='line_1_47' title="bbox 1183 1976 2019 2019; baseline 0.013 -11"><span class='ocrx_word' id='word_1_290' title='bbox 1183 1978 1283 2010; x_wconf 85' lang='lat' dir='ltr'><strong>tores</strong></span> <span class='ocrx_word' id='word_1_291' title='bbox 1307 1976 1541 2013; x_wconf 84' lang='lat' dir='ltr'><strong>Christianos</strong></span> <span class='ocrx_word' id='word_1_292' title='bbox 1572 1979 1611 2015; x_wconf 88' lang='lat' dir='ltr'><strong>in</strong></span> <span class='ocrx_word' id='word_1_293' title='bbox 1641 1991 1752 2016; x_wconf 79' lang='lat' dir='ltr'><strong>sensu</strong></span> <span class='ocrx_word' id='word_1_294' title='bbox 1782 1983 1951 2018; x_wconf 83' lang='lat' dir='ltr'><strong>tentandi</strong></span> <span class='ocrx_word' id='word_1_295' title='bbox 1980 1988 2019 2019; x_wconf 86' lang='lat' dir='ltr'><strong>et</strong></span> 
     </span>
     <span class='ocr_line' id='line_1_48' title="bbox 1182 2046 1554 2089; baseline 0.013 -11"><span class='ocrx_word' id='word_1_296' title='bbox 1182 2046 1436 2089; x_wconf 83' lang='lat' dir='ltr'><strong>pervertendi.</strong></span> <span class='ocrx_word' id='word_1_297' title='bbox 1503 2048 1554 2083; x_wconf 87' lang='lat' dir='ltr'><strong>H.</strong></span> 
     </span>
    </p>
   </div>
   <div class='ocr_carea' id='block_1_32' title="bbox 1111 2127 2016 2456">
    <p class='ocr_par' dir='ltr' id='par_1_32' title="bbox 1111 2127 2016 2456">
     <span class='ocr_line' id='line_1_49' title="bbox 1111 2127 2016 2180; baseline 0.01 -16"><span class='ocrx_word' id='word_1_298' title='bbox 1111 2127 1147 2164; x_wconf 75' lang='grc'><strong>19</strong></span> <span class='ocrx_word' id='word_1_299' title='bbox 1189 2129 1354 2165; x_wconf 77' lang='lat' dir='ltr'><strong>Vexandi</strong></span> <span class='ocrx_word' id='word_1_300' title='bbox 1391 2130 1556 2165; x_wconf 82' lang='lat' dir='ltr'><strong>verbum</strong></span> <span class='ocrx_word' id='word_1_301' title='bbox 1600 2132 1639 2166; x_wconf 85' lang='lat' dir='ltr'><strong>h.</strong></span> <span class='ocrx_word' id='word_1_302' title='bbox 1670 2134 1696 2167; x_wconf 91' lang='lat'><strong>1.</strong></span> <span class='ocrx_word' id='word_1_303' title='bbox 1734 2138 1940 2180; x_wconf 86' lang='lat' dir='ltr'><strong>usurpatur</strong></span> <span class='ocrx_word' id='word_1_304' title='bbox 1978 2138 2016 2173; x_wconf 88' lang='lat' dir='ltr'><strong>in</strong></span> 
     </span>
     <span class='ocr_line' id='line_1_50' title="bbox 1179 2198 2015 2247; baseline 0.011 -15"><span class='ocrx_word' id='word_1_305' title='bbox 1179 2209 1289 2233; x_wconf 83' lang='lat' dir='ltr'><strong>sensu</strong></span> <span class='ocrx_word' id='word_1_306' title='bbox 1337 2198 1475 2233; x_wconf 81' lang='lat' dir='ltr'><strong>leniori</strong></span> <span class='ocrx_word' id='word_1_307' title='bbox 1522 2211 1589 2244; x_wconf 84' lang='lat' dir='ltr'><strong>pro</strong></span> <span class='ocrx_word' id='word_1_308' title='bbox 1643 2201 1810 2247; x_wconf 79' lang='lat' dir='ltr'><strong>impulsu</strong></span> <span class='ocrx_word' id='word_1_309' title='bbox 1848 2204 2015 2242; x_wconf 85' lang='lat' dir='ltr'><strong>violento</strong></span> 
     </span>
     <span class='ocr_line' id='line_1_51' title="bbox 1188 2267 2016 2316; baseline 0.012 -16"><span class='ocrx_word' id='word_1_310' title='bbox 1188 2268 1284 2303; x_wconf 81' lang='lat' dir='ltr'><strong>citra</strong></span> <span class='ocrx_word' id='word_1_311' title='bbox 1302 2267 1493 2302; x_wconf 78' lang='lat' dir='ltr'><strong>laesioncm</strong></span> <span class='ocrx_word' id='word_1_312' title='bbox 1515 2280 1684 2314; x_wconf 83' lang='lat' dir='ltr'><strong>gravem,</strong></span> <span class='ocrx_word' id='word_1_313' title='bbox 1710 2283 1822 2316; x_wconf 82' lang='lat' dir='ltr'><strong>qvam</strong></span> <span class='ocrx_word' id='word_1_314' title='bbox 1845 2274 1937 2308; x_wconf 80' lang='lat' dir='ltr'><strong>alias</strong></span> <span class='ocrx_word' id='word_1_315' title='bbox 1959 2276 2016 2310; x_wconf 91' lang='lat' dir='ltr'><strong>in·-</strong></span> 
     </span>
     <span class='ocr_line' id='line_1_52' title="bbox 1181 2337 2015 2388; baseline 0.01 -17"><span class='ocrx_word' id='word_1_316' title='bbox 1181 2337 1292 2372; x_wconf 82' lang='lat' dir='ltr'><strong>dicat.</strong></span> <span class='ocrx_word' id='word_1_317' title='bbox 1341 2337 1403 2372; x_wconf 88' lang='lat' dir='ltr'><strong>Sic</strong></span> <span class='ocrx_word' id='word_1_318' title='bbox 1428 2339 1709 2383; x_wconf 78' lang='lat' dir='ltr'><strong>Tertullianus,</strong></span> <span class='ocrx_word' id='word_1_319' title='bbox 1743 2342 1789 2376; x_wconf 80' lang='lat' dir='ltr'><strong>ad</strong></span> <span class='ocrx_word' id='word_1_320' title='bbox 1814 2342 2015 2388; x_wconf 82' lang='lat' dir='ltr'><strong>Scapulam</strong></span> 
     </span>
     <span class='ocr_line' id='line_1_53' title="bbox 1180 2407 2014 2456; baseline 0.008 -15"><span class='ocrx_word' id='word_1_321' title='bbox 1180 2418 1211 2441; x_wconf 86' lang='lat' dir='ltr'><strong>c.</strong></span> <span class='ocrx_word' id='word_1_322' title='bbox 1231 2407 1301 2441; x_wconf 86' lang='lat' dir='ltr'><strong>ult.</strong></span> <span class='ocrx_word' id='word_1_323' title='bbox 1335 2408 1578 2443; x_wconf 70' lang='lat' dir='ltr'><strong>Christianum</strong></span> <span class='ocrx_word' id='word_1_324' title='bbox 1600 2422 1725 2445; x_wconf 77' lang='lat' dir='ltr'><strong>nomen</strong></span> <span class='ocrx_word' id='word_1_325' title='bbox 1754 2413 1879 2446; x_wconf 66' lang='lat' dir='ltr'><strong>vexari</strong></span> <span class='ocrx_word' id='word_1_326' title='bbox 1907 2414 2014 2456; x_wconf 76' lang='lat' dir='ltr'><strong>dixit,</strong></span> 
     </span>
    </p>
   </div>
   <div class='ocr_carea' id='block_1_33' title="bbox 1179 2477 2015 2581">
    <p class='ocr_par' dir='ltr' id='par_1_33' title="bbox 1179 2477 2015 2581">
     <span class='ocr_line' id='line_1_54' title="bbox 1179 2477 2015 2526; baseline 0.01 -17"><span class='ocrx_word' id='word_1_327' title='bbox 1179 2488 1296 2521; x_wconf 89' lang='lat' dir='ltr'><strong>quum</strong></span> <span class='ocrx_word' id='word_1_328' title='bbox 1319 2477 1546 2522; x_wconf 79' lang='lat' dir='ltr'><strong>gravissima</strong></span> <span class='ocrx_word' id='word_1_329' title='bbox 1577 2479 1837 2525; x_wconf 80' lang='lat' dir='ltr'><strong>persecutione</strong></span> <span class='ocrx_word' id='word_1_330' title='bbox 1866 2493 2015 2526; x_wconf 86' lang='lat' dir='ltr'><strong>preme-</strong></span> 
     </span>
     <span class='ocr_line' id='line_1_55' title="bbox 1179 2546 1427 2581; baseline 0 -1"><span class='ocrx_word' id='word_1_331' title='bbox 1179 2549 1298 2581; x_wconf 83' lang='lat' dir='ltr'><strong>retur.</strong></span> <span class='ocrx_word' id='word_1_332' title='bbox 1376 2546 1427 2580; x_wconf 85' lang='lat' dir='ltr'><strong>H.</strong></span> 
     </span>
    </p>
   </div>
   <div class='ocr_carea' id='block_1_34' title="bbox 1108 2630 1495 2674">
    <p class='ocr_par' dir='ltr' id='par_1_34' title="bbox 1108 2630 1495 2674">
     <span class='ocr_line' id='line_1_56' title="bbox 1108 2630 1495 2674; baseline 0.008 -11"><span class='ocrx_word' id='word_1_333' title='bbox 1108 2630 1146 2660; x_wconf 79' lang='lat'><strong>20</strong></span> <span class='ocrx_word' id='word_1_334' title='bbox 1171 2631 1349 2674; x_wconf 79' lang='lat' dir='ltr'><strong>Profecto.</strong></span> <span class='ocrx_word' id='word_1_335' title='bbox 1428 2632 1479 2666; x_wconf 83' lang='lat' dir='ltr'><strong>H.</strong></span> <span class='ocrx_word' id='word_1_336' title='bbox 1488 2643 1495 2645; x_wconf 83' lang='lat'>·</span> 
     </span>
    </p>
   </div>
   <div class='ocr_carea' id='block_1_35' title="bbox 1110 2711 1747 2761">
    <p class='ocr_par' dir='ltr' id='par_1_35' title="bbox 1110 2711 1747 2761">
     <span class='ocr_line' id='line_1_57' title="bbox 1110 2711 1747 2761; baseline 0 -11"><span class='ocrx_word' id='word_1_337' title='bbox 1110 2711 1144 2743; x_wconf 76' lang='lat'><strong>²1</strong></span> <span class='ocrx_word' id='word_1_338' title='bbox 1170 2714 1286 2760; x_wconf 82' lang='lat' dir='ltr'><strong>Signo</strong></span> <span class='ocrx_word' id='word_1_339' title='bbox 1310 2714 1461 2757; x_wconf 86' lang='lat' dir='ltr'><strong>Crucis,</strong></span> <span class='ocrx_word' id='word_1_340' title='bbox 1492 2718 1534 2750; x_wconf 90' lang='lat' dir='ltr'><strong>ut</strong></span> <span class='ocrx_word' id='word_1_341' title='bbox 1557 2718 1664 2761; x_wconf 80' lang='lat' dir='ltr'><strong>putat</strong></span> <span class='ocrx_word' id='word_1_342' title='bbox 1697 2717 1747 2751; x_wconf 89' lang='grc' dir='ltr'><strong>Η.</strong></span> 
     </span>
    </p>
   </div>
  </div>
 </body>
</html>
