2341 3340
1142 131 1243 179 206

237 284 488 328 mentionem
530 280 632 325 facit
673 281 888 335 Mar-tyrol.
923 280 1043 322 Rom.
1081 278 1132 320 ad
1171 277 1229 318 III
1260 275 1367 318 Non.
1401 274 1642 318 Februa-⁵³.
1717 274 1964 315 Memoriam
2009 286 2151 317 eorum

239 364 488 422 Cyprianus!
503 364 718 416 quotannis
766 361 1005 410 celebravit,
1061 361 1103 399 et
1140 357 1357 410 Augustini
1406 359 1537 396 exstat
1575 353 1720 394 Sermo
1761 353 1830 393 48.
1868 354 1912 393 in
1951 353 2154 394 honorem

239 441 442 485 Celerinae
470 443 632 497 habitus
663 441 908 494 Carthagine
938 440 982 480 in
1015 438 1105 478 aede
1132 437 1254 490 hujus
1283 435 1438 476 nomini
1469 435 1613 484 dicata,
1652 433 1768 487 cujus
1799 432 1985 473 meminit
2011 430 2163 495 Victori

237 521 439 573 vitensis,
474 537 497 563 a
522 521 714 563 Vandalis
744 519 893 560 deinde
919 521 1115 571 occupata
1128 515 1176 555 5⁴.

418 603 459 642 9.
535 601 710 654 Magnos
745 601 832 653 jam
871 600 942 639 illa
984 599 1104 638 aetate
1146 593 1396 646 Martyribus
1435 595 1558 645 atque
1597 589 1913 631 Confessoribus
1951 587 2156 630 exhibitos

237 680 366 720 fuisse
392 681 436 720 in
464 681 689 730 Africanis,
728 681 790 719 ut'i
817 690 979 730 quoque
1007 677 1051 717 in
1079 675 1272 726 reliquis,
1318 672 1504 712 ecclesiis
1533 671 1741 720 honores,
1770 672 1901 711 omnis
1941 669 2158 733 antiquitas

238 762 423 801 testatur.
481 761 570 812 Qua
602 760 862 800 veneratione
889 757 1166 797 Tertullianus
1194 765 1265 794 eos
1295 751 1499 796 habuerit,
1530 749 1714 789 indicant
1744 747 1958 789 exordium
1984 749 2080 789 libri
2106 748 2159 789 ad

238 843 437 893 martyres
467 844 510 879 et
539 853 574 879 c.
604 838 672 878 35.
707 839 802 878 libri
838 838 891 877 de
927 837 1060 877 anima
1093 846 1198 875 anno
1230 832 1322 873 fere
1358 829 1455 870 205.
1495 829 1725 881 conscripti.
1789 825 1983 880 Magnam
2018 841 2160 869 eorum

237 919 282 958 iu
312 919 439 958 altera
470 918 551 957 vita
580 917 760 955 futuram
791 927 881 954 esse
910 913 1153 952 felicitatem
1186 912 1308 950 docet
1327 909 1386 959 ⁵⁵3
1437 913 1615 950 attamen
1650 907 1703 948 de
1741 906 1946 947 desiderio
1977 909 2161 960 martyrii

241 1000 358 1036 caute
400 1008 448 1035 ac
488 994 714 1048 prudenter
749 994 920 1047 judicat.
989 992 1116 1044 Ergo
1159 990 1365 1043 inquitis,
1410 991 1506 1027 sunt
1544 989 1631 1040 ejus
1667 987 1791 1028 verba
1826 986 1993 1040 Apolog.
2028 1000 2065 1027 c.
2092 987 2161 1028 50.

241 1089 320 1117 cur
352 1076 611 1130 querimini,
651 1074 763 1128 quod
800 1086 875 1113 vos
912 1073 1214 1125 insequamur,
1257 1069 1298 1108 si
1328 1067 1431 1120 pati
1461 1067 1592 1106 vultis
1610 1094 1761 1107 ......
1794 1068 1932 1120 plane
1963 1068 2163 1108 volumus

238 1156 365 1210 pati,·
404 1167 556 1195 verum
588 1167 637 1195 eo
668 1167 808 1200 more,
850 1165 928 1206 quo
960 1154 1004 1190 et
1031 1149 1186 1189 bellum
1216 1159 1340 1187 nemo
1371 1145 1708 1199 quidemlibens
1732 1145 1921 1198 patitur,
1957 1159 2087 1198 quum
2118 1152 2162 1187 et

241 1233 468 1288 trepidare
497 1238 541 1274 et
564 1233 821 1287 periclitari
844 1232 903 1271 sit
933 1242 1131 1269 necesse:
1170 1231 1319 1267 tamen
1343 1228 1387 1265 et
1410 1225 1653 1278 praeliatur
1686 1222 1881 1263 omnibus
1904 1223 2084 1272 viribus,
2118 1231 2163 1267 et

242 1314 420 1353 vincens
459 1314 506 1352 in
542 1312 710 1366 proelio
755 1309 955 1365 gaudet,
1003 1307 1076 1362 qui
1119 1305 1172 1346 de
1211 1304 1371 1359 praelio
1414 1303 1704 1357 querebatur,
1751 1302 1851 1356 quia
1890 1307 1935 1343 et
1973 1304 2165 1356 gloriam

242 1393 521 1445 consequitur
559 1396 603 1431 et
639 1391 850 1445 praedam.

423 1470 461 1510 A
492 1469 807 1508 confessoribus
846 1467 977 1507 libelli
1018 1465 1130 1519 pacis
1180 1464 1424 1517 petebantur
1468 1464 1510 1502 et
1549 1461 1893 1515 impetrabantur,
1934 1462 2006 1513 qui
2045 1463 2166 1517 lapsis

243 1547 296 1589 ad
329 1549 489 1588 veniam
534 1552 577 1587 et
619 1547 999 1586 reconciliationem
1058 1543 1319 1584 obtinendam
1365 1542 1470 1580 viam
1516 1542 1722 1580 munirent
1740 1541 1789 1579 5⁰.
1867 1540 1991 1580 Unde
2025 1546 2169 1594 postea

244 1628 471 1681 gravissimi
509 1627 588 1666 orti
617 1630 711 1667 sunt
737 1626 896 1666 abusus.
963 1625 1050 1665 Pro
1084 1622 1355 1676 Martyrz'bus
1385 1621 1602 1674 sacrificia
1633 1633 1804 1674 semper
1838 1616 1948 1672 (scil.
1975 1618 2167 1675 precum)

248 1707 562 1763 offerebantur,
596 1708 764 1760 quoties
789 1707 897 1758 Afri
917 1705 1171 1757 Martyrum
1198 1702 1427 1755 passiones
1458 1704 1502 1739 et
1527 1699 1619 1738 dies
1649 1699 1959 1746 anniversaria
1989 1713 2168 1741 comme-

244 1788 490 1828 moratione
505 1786 793 1827 celebrabant.
853 1784 955 1824 Haec
974 1782 1198 1835 Cyprianus
1218 1780 1268 1819 de
1284 1778 1487 1826 Celerina,
1519 1777 1742 1819 Laurentio
1775 1780 1818 1817 et
1839 1777 1995 1831 Ignatio
2017 1791 2080 1832 ep.
2099 1779 2169 1820 39.

270 1940 308 1970 53
341 1942 436 1977 Acta
467 1941 693 1977 Sanctorum
729 1941 777 1975 ad
807 1941 845 1974 h.
872 1940 906 1974 d.
944 1938 1099 1972 Tillem.
1133 1938 1185 1971 Η.
1256 1934 1292 1964 55
1317 1935 1430 1970 Nemo
1456 1935 1548 1969 enim
1562 1935 1826 1981 peregrinatus
1852 1946 1876 1968 a
1898 1945 2063 1979 corpore,
2089 1937 2168 1968 sta·-

341 2011 450 2057 Emp.
479 2025 513 2057 p.
537 2011 617 2046 103.
649 2015 686 2045 et
709 2010 916 2045 Me'moires
946 2009 1016 2042 III.
1043 2020 1078 2052 p.
1105 2007 1184 2042 174.
1327 2005 1391 2039 tim
1418 2005 1628 2039 immoratur
1651 2016 1764 2049 penes
1797 2005 1996 2045 dominum,
2028 2003 2100 2038 nisi
2127 2015 2171 2038 est:

346 2081 522 2116 Morccll.
553 2093 587 2126 p.
611 2080 668 2116 64.
698 2081 819 2115 refert
850 2080 898 2126 ad
932 2089 990 2114 an.
1012 2077 1093 2113 204,
1327 2075 1482 2120 martyri
1504 2074 1778 2119 praerogativa,
1815 2072 1992 2119 paradiso
2020 2072 2170 2114 scilicet,

766 2181 775 2189 ‚
1329 2156 1400 2178 non
1422 2144 1553 2188 inferis
1576 2144 1798 2178 deversurus.
1848 2143 1904 2178 De
1924 2153 2064 2177 resurr.
2088 2153 2170 2177 car-

272 2180 308 2211 54
343 2182 399 2217 De
436 2192 578 2227 perseo.
615 2181 822 2215 Vandahca
854 2181 885 2215 I.
926 2192 956 2215 c.
991 2180 1024 2214 4.
1089 2179 1187 2213 Cum

342 2250 552 2286 scillitanis
584 2251 824 2296 Martyribus
859 2261 943 2284 eam
973 2249 1190 2284 confudisse
1330 2225 1388 2249 ms
1407 2226 1438 2248 θ’
1456 2214 1511 2249 43'
1563 2214 1659 2247 Vlde
1686 2224 1836 2258 quoque
1856 2212 2046 2257 scorpfflc'
2068 2223 2098 2247 θ’
2111 2213 2169 2251 12¹

341 2320 518 2363 videtum
546 2321 639 2356 dicit
660 2321 786 2356 enim:
843 2321 1043 2355 Basilica-m
1073 2320 1191 2361 majo-
1330 2285 1387 2319 De
1412 2287 1598 2329 pauentm‘
1629 2295 1659 2317 θ’
1681 2282 1739 2318 13'

344 2402 440 2431 rem,
473 2391 536 2425 ubi
570 2403 720 2435 corpora
749 2395 956 2425 sanctorum
986 2391 1192 2434 Martyrum
1261 2384 1296 2414 56
1323 2385 1586 2420 Tertullianus
1610 2385 1656 2419 de
1676 2383 1863 2430 pudicitia
1882 2382 1983 2418 c.22.
2010 2383 2058 2418 ad
2070 2393 2171 2418 mar-

343 2461 534 2505 Perpetuae
565 2466 673 2505 atque
696 2461 899 2495 Felicitatis
927 2460 1069 2504 sepulta
1090 2463 1188 2500 sunt,
1331 2460 1436 2502 tyres
1462 2468 1491 2491 c.
1516 2455 1548 2490 1.
1584 2455 1817 2489 schelstrate
1838 2440 2172 2489 Ecclessnfricaua

346 2531 580 2567 GELEMNAE
620 2542 699 2564 VEL
743 2541 1117 2570 SGILLITANORUM,
1155 2533 1190 2564 et
1331 2537 1362 2561 c.
1390 2528 1423 2560 4.
1456 2538 1490 2570 p.
1514 2524 1570 2560 83.
1625 2524 1838 2558 Boehmeri
1871 2524 2029 2558 Dissert.
2064 2523 2094 2557 Ι.
2127 2522 2169 2557 Ε.

344 2602 457 2643 alias,
488 2613 578 2646 quas
597 2613 667 2635 non
695 2602 950 2635 destruxerant
977 2599 1190 2644 (Vandali),
1330 2608 1367 2641 p.
1395 2595 1474 2630 160.
1507 2594 1587 2630 182.
1637 2594 1753 2630 Ortus
1787 2594 1888 2630 forte
1922 2593 1987 2628 hic
2028 2592 2170 2628 abusus

342 2684 416 2709 suae
443 2672 634 2718 religionis
657 2672 806 2707 licentia
834 2671 1027 2717 tyrannica
1052 2669 1190 2704 manci-
1335 2670 1390 2702 est
1422 2667 1461 2700 in
1487 2666 1569 2711 ipsa
1598 2664 1741 2700 Africa.

345 2747 498 2789 parunt.
