2341 3340
1162 160 1262 213 192

864 302 916 360 C
936 301 993 360 A
1011 302 1086 361 P.
1172 301 1231 358 X
1250 303 1307 359 X
1326 301 1384 360 V
1403 302 1436 359 I
1455 301 1489 359 Ι
1508 301 1561 362 I.

897 401 1253 444 Punssscm‘lo
1311 402 1526 445 sevum.

253 572 292 613 1.
351 546 576 619 Severum
593 573 819 628 Augustum
846 577 965 617 initio
986 577 1236 630 principatus
1264 574 1328 615 sui
1353 573 1596 615 Christianis
1628 573 1792 622 favisse,
1827 585 1948 626 supra
1970 575 2178 613 ostensum

253 654 338 700 aet3
378 664 456 691 nec
488 652 612 693 facile
648 667 782 694 causae
817 655 990 696 indicari
1028 657 1250 709 poterunt,
1301 667 1374 694 cur
1410 654 1590 693 animum
1628 653 1856 693 mutaverit.
1922 652 2180 692 Turbulenta

252 734 389 772 tamen
419 732 529 772 forte
559 744 651 783 quae
681 733 919 774 incidebant
946 733 1161 788 tempora1
1208 733 1478 774 morosiorem
1512 745 1607 772 eum
1637 730 1933 782 reddiderunt,
1980 736 2023 772 et
2052 732 2181 784 magi-

251 813 402 850 stratus
431 814 473 850 et
504 810 645 851 hostes
674 811 896 852 Christiani
929 814 1106 854 nominis
1145 812 1338 853 adversus
1379 824 1451 852 eos
1487 794 1759 851 concitabant.
1823 811 2062 851 Accedebat
2094 810 2182 851 for·

252 889 358 929 sitan
390 894 432 929 et
457 890 533 929 alia
561 890 679 928 ratio.
738 889 976 931 Chronicon
1008 893 1118 931 euim
1146 890 1389 944 Hieronymi
1424 889 1477 931 ad
1506 903 1655 930 annum
1687 889 1830 929 Severi
1856 890 2044 940 quintum
2073 903 2109 930 a.
2140 903 2182 930 u.

253 979 289 1007 c.
305 965 402 1005 951.
433 979 472 1018 p.
487 965 533 1005 C.
560 966 657 1006 198.
682 966 809 1006 habet
836 967 973 1016 verba,
1005 969 1235 1009 Judaicum
1267 976 1311 1010 et
1335 970 1646 1010 samariticum
1672 970 1830 1010 bellum
1853 975 2029 1018 motum,
2062 983 2183 1022 quam

252 1049 389 1084 tamen
428 1058 517 1084 rem
553 1044 723 1085 Eusebii
755 1045 1013 1095 Chronicon,
1062 1059 1086 1087 e
1123 1060 1203 1099 quo
1245 1047 1419 1100 plurima
1463 1048 1691 1100 excerpsit,
1737 1048 1912 1100 ignorat.
1981 1048 2185 1091 Latrones

251 1123 424 1164 forsitan
461 1123 767 1173 debellaverat3
813 1138 907 1164 nam
954 1125 1055 1166 belli
1095 1126 1206 1166 inter
1239 1126 1406 1167 Judaeos
1444 1129 1488 1165 et
1519 1124 1792 1166 samaritanos
1835 1128 1967 1167 exorti
1997 1123 2201 1170 meminit

252 1202 604 1257 Abulpharagius,
647 1208 689 1244 et
731 1204 946 1245 Claudium
985 1206 1187 1246 latronem
1227 1218 1277 1245 eo
1319 1210 1507 1259 tempore
1547 1206 1591 1246 iu
1627 1205 1771 1244 Judaea
1802 1204 1952 1255 fuisse,
1994 1208 2186 1259 perhibet

252 1280 331 1322 Dio
365 1281 540 1322 cassius.
570 1282 734 1325 LXXV.
768 1297 803 1323 c.
831 1284 873 1324 2.
932 1283 1206 1338 Triumphum
1249 1297 1412 1337 quoque
1452 1284 1505 1324 de
1539 1283 1695 1324 Judaeis
1726 1282 1946 1323 caracallae
1981 1299 2005 1325 a
2033 1284 2186 1328 Senatu

254 1359 436 1400 delatum
461 1361 589 1401 fuisse
614 1365 748 1402 narrat
769 1361 1006 1416 Spartianus
1037 1363 1254 1403 inSevero
1285 1377 1321 1403 c.
1345 1364 1425 1412 16„
1457 1376 1579 1416 quem
1608 1367 1746 1403 tamen
1766 1363 1946 1415 prudens
1963 1363 2188 1418 imperator

255 1439 363 1480 infra
380 1439 621 1493 dignitatem
638 1441 804 1495 Imperii
824 1446 948 1492 ratus,
979 1443 1014 1483 si
1035 1443 1168 1483 facilis
1190 1442 1241 1482 de
1256 1442 1437 1482 Judaicis
1456 1443 1628 1482 catervis
1644 1442 1813 1481 victoria
1829 1443 1930 1482 tanti
1951 1443 2188 1496 duceretur,

254 1518 299 1558 in
330 1519 582 1570 triumphum
603 1520 655 1559 de
668 1519 830 1561 Parthis
860 1520 1160 1561 commutavit2.
1216 1521 1321 1560 Haec
1349 1521 1474 1574 igitur
1500 1522 1544 1561 in
1575 1534 1694 1562 causa
1717 1522 1846 1562 fuisse
1863 1521 2066 1573 videntur,
2099 1536 2186 1574 cur,

257 1596 353 1637 dum
382 1597 425 1637 in
452 1596 671 1639 Palaestina
703 1603 819 1649 erat,
860 1603 967 1639 teste
994 1599 1209 1653 Spartiano
1240 1613 1276 1639 c.
1307 1598 1374 1639 17.
1430 1599 1605 1641 Judoeos
1627 1602 1741 1655 fieri
1776 1601 1851 1642 sub
1882 1602 2017 1654 gravi
2041 1616 2187 1656 poena

257 1682 444 1719 vetaret.
502 1676 591 1717 Nec
619 1678 786 1732 injuria3
824 1692 918 1719 nam
947 1678 1115 1718 Judaeos
1136 1679 1245 1718 omni
1270 1681 1458 1731 tempore
1481 1678 1711 1731 proselytos
1739 1678 1905 1727 fecisse,
1934 1683 2078 1720 notum
2101 1685 2185 1730 est3

258 1758 302 1795 et
318 1754 573 1809 Carthagine
607 1770 768 1810 quoque
796 1770 868 1798 eos
898 1757 1010 1798 idem
1036 1758 1118 1797 hoc
1146 1761 1339 1806 tentasse,
1379 1756 1504 1797 docet
1529 1756 1808 1799 Tertullianus
1841 1758 1931 1799 adV.
1961 1758 2054 1799 Jud.
2085 1772 2123 1800 c.
2148 1760 2188 1800 1.

257 1834 330 1874 ubi
362 1834 415 1874 de
462 1834 737 1887 disputatione
784 1837 893 1877 inter
930 1837 1207 1877 Christianum
1253 1841 1296 1877 et
1332 1838 1521 1878 Judaeum
1560 1839 1813 1892 proselytum
1851 1837 1991 1878 habita
2031 1839 2187 1878 scribit.

260 1912 387 1953 Addit
414 1926 512 1953 vero
543 1913 802 1968 Spartianus:
850 1915 962 1957 idem
991 1917 1046 1957 de
1075 1917 1342 1958 Christianis
1372 1919 1550 1964 sanxi&
1591 1928 1642 1956 eo
1671 1915 1856 1956 fortassis
1888 1928 2037 1966 sensu,
2075 1916 2187 1969 quod

261 1990 514 2032 Christianos
541 1994 584 2032 in
614 1997 825 2046 posterum
845 1994 938 2034 fieri
968 1995 1221 2047 prohiberet,
1254 1996 1304 2034 iis
1332 1998 1482 2044 tamen,
1516 1995 1586 2046 qui
1613 1994 1697 2049 jam
1723 1998 1874 2045 essent,
1905 1995 2009 2035 nulli
2039 2008 2187 2048 poen-ae

260 2070 484 2111 obnoxiis3.
541 2071 657 2112 Istud
678 2085 777 2113 vero
806 2076 900 2126 post
932 2072 1144 2113 decretum
1169 2073 1362 2115 adversus
1387 2074 1554 2115 Judaeos
1576 2074 1625 2114 ab
1647 2072 1898 2124 Imperatore
1922 2074 2186 2114 constitutum

259 2153 380 2202 puto,
429 2163 554 2203 quum
583 2163 634 2190 ex
665 2152 932 2204 plurimorum
972 2153 1176 2192 sententia
1210 2152 1443 2205 persecutio
1472 2151 1665 2192 adversus
1694 2152 1949 2193 Christianos
1980 2164 2062 2193 non
2091 2156 2188 2192 ante

260 2256 2184 2278 *om—mm*-

306 2333 322 2362 1
349 2333 536 2369 Moshem.
557 2335 767 2370 Comment.
789 2335 834 2370 de
855 2336 935 2372 reb.
948 2336 1199 2375 Christianor.
1293 2337 1313 2366 3
1336 2338 1470 2382 Itaque
1499 2337 1616 2371 hocce
1644 2337 1811 2373 edictum
1840 2337 1963 2374 lenius
1986 2341 2070 2374 erat
2086 2337 2185 2373 anti·-

356 2408 443 2438 aute
470 2404 597 2440 const.
620 2404 672 2439 M.
700 2417 734 2450 p.
757 2404 838 2441 253.
1343 2407 1544 2451 quioribus
1563 2431 1574 2449 ,
1634 2408 1772 2452 quibus
1821 2409 1945 2443 omnis
1986 2408 2186 2454 religionis

1342 2476 1568 2510 Christianae
1613 2477 1800 2522 professio
1849 2477 2047 2523 prohibita
2089 2481 2184 2520 erat,

308 2546 327 2575 2
354 2543 413 2578 Cfi.
446 2543 672 2588 opusculum
701 2548 896 2580 nostrum:
929 2546 997 2580 der
1024 2546 1203 2590 jfidische
1308 2546 1458 2590 “atquc
1498 2545 1568 2588 iis,
1606 2547 1671 2591 qui
1696 2547 1780 2590 jam
1806 2548 2015 2583 Christiani
2048 2551 2183 2590 essent,

356 2613 476 2658 Krieg
505 2616 616 2648 unter
654 2613 725 2648 den
752 2614 912 2650 Kaisern
945 2616 1091 2660 Trajan
1124 2616 1203 2652 und
1344 2627 1552 2660 eorumque
1585 2617 1744 2660 posteris
1777 2617 1816 2652 in
1848 2617 2034 2663 religione
2068 2617 2183 2659 Chri-

358 2683 531 2719 Hadrian
557 2694 591 2728 p.
613 2682 697 2717 102.
1343 2685 1465 2719 stiaua
1500 2685 1622 2728 natis,
1668 2687 1849 2732 pepercit.
1916 2687 1975 2722 Cf.
2016 2686 2183 2723 Neandri

1346 2755 1391 2790 G.
1411 2756 1445 2790 d.
1460 2755 1506 2790 T.
1530 2767 1566 2800 p.
1591 2754 1649 2791 95,
