2341 3340
1065 123 1130 167 19

139 260 271 301 secius
313 260 607 302 Tertullianum
645 261 672 300 l.
704 258 792 299 εὰν.
818 258 984 298 Judaeos
1022 272 1056 298 c.
1081 257 1121 299 7.
1152 261 1360 313 paululum
1394 262 1645 305 rhetoricari
1686 280 1776 307 cum
1817 270 2049 311 Moshemio

141 341 327 380 existimo
339 339 396 390 1⁶,
435 341 506 380 ubi
537 340 589 378 de
617 338 826 390 religionis
857 337 1099 377 Christianae
1131 351 1204 379 suo
1236 344 1421 393 tempore
1449 344 1739 395 propagatione
1770 347 1885 387 hisce
1915 351 2049 390 verbis

140 420 342 471 loquitur:
374 422 428 459 In
450 433 570 472 quem
589 419 703 457 em'm
732 419 865 458 etiam
893 419 1113 458 universae
1138 425 1293 472 gentes
1321 421 1618 470 crediderunt,
1652 425 1741 463 nisi
1766 425 1812 463 in
1831 427 2047 470 Christum

139 500 215 552 qui
229 500 325 552 jam
350 499 499 537 venit?
531 509 628 547 quas
651 497 693 535 in
709 495 974 547 sequentibus
990 500 1218 546 enumerat3
1249 511 1272 537 e
1297 511 1376 550 quo
1396 512 1581 550 recensu,
1614 514 1799 553 magnam
1817 507 1974 556 partem
2000 519 2050 546 ex

140 577 250 616 Actis
265 576 496 628 Apostolor.
515 574 565 613 ΙΙ.
583 575 623 613 9.
650 588 763 626 sequ.
793 578 939 624 sumto,
967 575 1050 614 huc
1073 576 1259 628 inprimis
1285 577 1464 618 faciunt:
1494 581 1775 621 immorantes
1798 584 2049 638 Aegyptum

139 660 182 696 et
213 656 436 706 regionem
467 655 637 705 Africae
676 668 772 708 quae
810 660 876 694 est
917 659 1046 695 trans
1080 656 1324 709 Cyrenem3
1371 671 1462 710 quae
1500 658 1686 710 quidem,
1727 659 1762 698 si
1803 660 1854 699 de
1884 662 2050 714 singulis

135 732 379 780 hominibus,
414 733 483 783 qui
514 732 678 770 Christo
710 746 860 772 nomen
889 732 1111 783 dedissent,
1140 735 1441 788 intelliguntur,
1473 738 1634 777 veritati
1661 737 1773 777 haud
1800 744 2048 792 repugnant3

137 809 252 850 addit
279 823 400 849 vero:
436 816 486 852 ut
506 812 602 865 jam
623 812 896 852 Gaetulorum
927 815 1167 854 varietates
1196 820 1240 855 et
1268 816 1530 857 Maurorum
1558 818 1690 857 multa·
1702 820 1835 872 fine-5⁸,
1871 833 1979 873 quae>
1999 826 2050 861 ut

136 891 455 931 Britannorum
478 890 689 930 Romanis
719 892 940 932 inaccessa
973 892 1124 941 lovan,
1163 899 1207 934 et
1232 895 1480 936 abditarum
1508 898 1745 936 multarum
1777 899 1976 950 gentiam
2005 904 2049 940 et

133 970 461 1021 provinciarum
502 975 546 1010 et
579 971 819 1010 insularum
863 973 1101 1012 multarum
1139 973 1260 1013 nobis
1298 975 1553 1027 ignotarum
1592 980 1636 1015 ec
1667 989 1761 1029 quoe
1789 989 2050 1018 enumerare

134 1048 277 1086 minus
307 1061 556 1101 possumus,
601 1060 702 1099 quos
739 1048 783 1087 in
813 1050 1076 1100 sequentibus
1110 1051 1261 1101 habet,
1304 1052 1360 1091 ita
1396 1056 1490 1093 sunt
1523 1066 1641 1105 vaga,
1685 1056 1731 1092 ut
1760 1054 1957 1094 historice
1992 1056 2050 1096 nil

134 1125 281 1164 exinde
330 1126 523 1178 colligere
566 1127 703 1166 liceat.
782 1127 966 1168 Similem
1018 1131 1261 1183 populorum
1311 1130 1633 1171 Christianorum
1676 1132 1855 1172 indicem
1906 1137 2051 1174 texunt

132 1202 310 1243 Irenaeus
347 1205 434 1243 adv.
465 1205 623 1244 Haeres.
654 1205 684 1244 Ι.
718 1219 752 1245 ο.
784 1208 850 1246 10.
879 1208 921 1246 in
958 1221 1038 1260 quo
1082 1210 1204 1248 etiam
1242 1209 1396 1247 mentio
1431 1209 1480 1248 fit
1518 1209 1795 1249 Ecclesiarum
1828 1213 1873 1252 ἐν
1902 1208 2051 1272 Λιβύῃ

132 1281 384 1340 ἱδρυμένων,
408 1284 735 1337 chrysostomus,
770 1286 1074 1336 Theodoretus,
1104 1288 1253 1339 aliique
1275 1288 1451 1327 seriores
1471 1291 1670 1328 auctores.
1728 1288 1876 1330 Nostra
1894 1294 2049 1332 tantum

130 1362 303 1404 interest
334 1364 481 1404 afferre
514 1378 605 1416 quae
637 1366 904 1416 antiquissimi
932 1366 1097 1406 habent.

309 1444 349 1483 3.
424 1444 509 1483 Sed
554 1443 797 1483 Tertulliani
840 1444 929 1498 jam
974 1448 1095 1485 aetate
1144 1460 1330 1501 magnam
1383 1447 1707 1489 Christianorum
1749 1448 2050 1489 multitudinem

134 1524 355 1573 coetusque
399 1522 508 1561 haud
547 1523 603 1561 ita
649 1535 798 1574 paucos
847 1523 891 1562 in
925 1508 1067 1564 Africa
1098 1525 1254 1576 fuisse,
1305 1540 1356 1567 ex
1393 1528 1513 1567 variis
1561 1541 1652 1579 quae
1700 1529 1848 1580 passim
1885 1529 2050 1580 ingerit,

133 1602 243 1640 omni
271 1614 431 1653 quoque
459 1602 593 1640 demta
621 1602 827 1640 rhetorica
850 1603 1179 1654 amplificatione,
1209 1606 1427 1658 colligitur,
1457 1607 1535 1646 etsi
1565 1606 1675 1646 haud
1704 1608 1856 1659 ubique
1884 1607 1937 1647 de
1966 1608 2051 1647 sola

132 1678 296 1727 Africa,
329 1680 402 1718 sed
433 1679 483 1717 de
508 1679 748 1719 Christianis
777 1682 819 1719 in
849 1682 1038 1720 universo
1069 1681 1243 1733 Imperio
1276 1683 1461 1723 Romano
1491 1685 1682 1736 loquitur.
1739 1685 1786 1724 In
1814 1687 1919 1725 libro
1951 1698 2049 1725 vero

132 1757 183 1797 ad
227 1756 441 1809 Scapulam
491 1757 675 1795 Africam
721 1761 764 1794 et
809 1759 938 1808 ipsam
981 1760 1149 1810 respicit
1189 1759 1489 1812 Carthaginem.
1569 1761 1639 1801 Sic
1679 1764 1789 1802 enim
1823 1763 2048 1805 Praesidem

133 1836 385 1875 Christianos
429 1847 598 1873 exosum
640 1834 950 1885 adloquiturlS:
999 1836 1103 1890 quid
1129 1838 1276 1890 facies
1317 1838 1371 1878 de
1411 1841 1550 1880 tantis
1590 1841 1778 1882 millibus
1816 1842 2046 1891 hominum,

133 1920 199 1955 tot
228 1916 335 1954 viris
378 1929 429 1954 ac
457 1915 646 1966 seminis
685 1915 824 1953 omnis
867 1928 1022 1963 sescus,
1076 1917 1216 1957 omnis
1254 1916 1504 1969 dignitatis,
1545 1920 1824 1974 offerentibus
1860 1935 1907 1961 se
1943 1923 2049 1962 tibi?

225 2070 437 2115 Segermae,
473 2070 516 2104 E.
548 2070 783 2115 Polycarpus
816 2069 1060 2114 Hadrumeti,
1203 2072 1272 2106 illa
1298 2075 1406 2107 aetate
1437 2073 1542 2108 haud
1576 2074 1686 2118 plane
1714 2075 1832 2110 fuisse
1859 2076 2045 2122 ignotam,

222 2141 434 2184 ‘Adelphius
461 2140 660 2174 Tasbaltes
683 2165 693 2181 ,
727 2138 928 2174 Eucratius
954 2141 1059 2174 The·
1204 2145 1342 2176 testem
1364 2154 1513 2187 quoque
1538 2144 1723 2178 habemus
1750 2146 1905 2191 Origen.
1924 2148 2042 2183 Hom.

222 2221 387 2261 narum:
430 2221 558 2243 omnes
588 2221 633 2243 ex
662 2209 864 2244 Provincia
892 2210 1058 2245 Procon-
1199 2212 1263 2246 VI.
1292 2211 1331 2245 in
1358 2211 1469 2246 Lucae
1493 2213 1581 2257 Cap.
1603 2214 1632 2247 Ι.
1658 2214 1780 2248 Tomo
1802 2216 1872 2249 III.
1900 2228 1935 2260 p.
1957 2216 2039 2252 939.

225 2278 353 2313 sulari.
412 2280 442 2312 Ε
474 2279 655 2313 Numidia
700 2283 848 2313 tantum
892 2280 1063 2314 Zosimus
1206 2280 1327 2315 Ruaei.
1393 2283 1515 2317 Virtus
1556 2284 1689 2317 domini
1729 2285 1928 2319 Salvator-is
1945 2311 1957 2326 ,
1991 2285 2045 2320 sic

226 2348 411 2382 Thavasae
438 2352 475 2383 et
502 2349 748 2384 Nemesianus
779 2349 945 2384 Tubaris
971 2349 1062 2394 Epi-
1206 2350 1325 2386 habet
1361 2351 1621 2397 Hieronymus
1655 2353 1867 2398 Interpres,
1905 2360 1941 2389 ct
1966 2367 2045 2390 cum

225 2418 339 2461 scopi.
1202 2421 1258 2455 his
1281 2426 1333 2454 est
1358 2423 1420 2466 qui
1447 2423 1491 2455 ab
1525 2423 1607 2456 orbe
1639 2427 1758 2456 nostro
1791 2424 1827 2456 in
1848 2424 2044 2459 Britannia

153 2487 188 2515 16
212 2487 267 2521 De
293 2487 405 2520 rebus
429 2487 732 2523 Christianorum
762 2491 848 2523 ante
878 2489 1059 2523 Constan-
1203 2491 1426 2532 dividantur,
1452 2496 1487 2526 et
1510 2504 1588 2526 oum
1603 2493 1657 2526 his
1669 2493 1776 2537 quiin
1789 2493 2040 2529 Mauretania,

223 2557 346 2591 tinum
367 2556 418 2590 M.
443 2569 478 2601 p.
499 2557 577 2592 205.
1201 2565 1237 2595 et
1260 2573 1339 2594 cum
1362 2561 1536 2595 universis
1561 2562 1623 2607 qui
1649 2562 1712 2596 sub
1735 2562 1806 2597 sole
1838 2563 1876 2596 ιή
1904 2565 2042 2599 nomine

157 2642 191 2669 17
216 2640 409 2675 Britannis
446 2645 572 2676 tamen
598 2645 709 2685 atque
726 2641 972 2678 Mauretaniae
1001 2642 1059 2678 in-
1200 2630 1280 2673 ejus
1306 2630 1546 2664 crediderunt·

229 2710 319 2745 colis
367 2710 593 2756 religionem
635 2710 892 2748 Christianam
927 2714 1060 2749 eadem
1133 2712 1168 2741 ¹8
1195 2715 1241 2749 ad
1272 2713 1473 2759 Scapulam
1500 2726 1528 2749 c.
1552 2714 1586 2750 5.
