2341 3340
1033 123 1133 172 225

129 266 285 304 cultura
309 263 461 304 Christi
493 276 574 303 non
600 264 810 311 deserere,
854 261 1013 314 quando
1036 261 1223 315 baptismi
1248 265 1374 316 gratia
1405 267 1608 314 renovati,
1649 269 1691 305 et
1721 267 1880 307 diabolo
1911 265 2027 305 abre-

125 344 423 393 nuntiavimus,
473 347 516 382 et
551 342 704 383 Christi
745 341 915 393 vestigia
954 341 1084 380 secuti
1128 352 1277 382 sumus.
1363 341 1601 384 Saturninus
1642 344 1867 385 Proconsul
1905 344 2026 383 dixit:

126 421 227 471 Quae
252 425 335 470 est,
367 421 491 461 dicite
519 421 641 468 mihi,
681 431 747 459 res
783 419 1061 459 doctrinarum
1092 419 1135 459 in
1164 431 1282 460 causa
1313 423 1355 459 et
1389 422 1588 474 religione
1617 422 1777 462 vestra?
1835 421 2026 474 Speratus

125 503 287 539 sanctus
315 499 553 552 respondit:
612 497 729 537 Libri
766 497 1106 550 Evangeliorum‚
1152 501 1196 538 et
1230 497 1427 551 Epistolae
1476 499 1615 550 Pauli,
1655 501 1731 541 viri
1767 499 2025 546 sanctissimi,

122 577 309 629 Apostoli
328 577 376 617 ²6.
434 577 672 617 Saturninus
703 575 930 617 Proconsul
970 577 1095 618 dixit:
1139 576 1328 629 Accipite
1361 588 1516 617 moram
1555 579 1718 631 triginta
1753 579 1936 626 dierum,
1980 580 2025 616 ut

121 654 516 715 retractetishujus
561 659 684 695 sectae
720 655 1033 696 confessionem.
1098 655 1290 696 Forsitan
1330 655 1382 696 ad
1409 655 1579 695 deorum
1610 668 1740 697 sacras
1774 655 2024 696 ceremonias

119 733 394 774 revertemini.
459 732 651 786 Speratus
687 737 848 775 sanctus
889 733 1128 786 respondit3
1186 746 1269 773 non
1305 734 1469 786 triginta
1508 733 1668 772 dierum
1710 747 1823 774 mora
1867 737 2023 772 mutare

119 812 273 865 poterit
306 812 604 864 professionem
637 815 837 860 nostram,
875 810 948 850 sed
974 811 1111 863 potius
1148 814 1296 864 optatae
1328 812 1423 851 vitae
1458 811 1541 851 hoc
1569 811 1741 864 spatium
1770 808 2024 850 deliberandi

118 890 317 942 accipere,
350 894 395 930 ut
425 890 475 929 de
500 894 581 929 tam
603 888 712 958 turpi
734 889 889 929 cultura
915 887 1118 949 idolorum
1135 888 1380 929 Christianae
1405 888 1617 941 religionis
1641 892 1796 930 amator
1812 888 2022 928 existeres.

119 966 313 1007 Ceterum
342 968 377 1008 si
404 967 487 1008 hoc
521 980 605 1008 non
636 979 680 1007 es
718 966 877 1020 diguus
899 967 1110 1018 accipere,
1153 967 1354 1020 suspende
1384 979 1561 1017 moram,
1601 968 1844 1008 sententiam
1879 965 2020 1006 recita.

116 1044 217 1086 Nam
241 1045 377 1098 quales
399 1058 474 1087 nos
497 1045 624 1086 hodie
655 1045 801 1094 cernis,
831 1045 932 1085 tales
955 1049 1048 1097 post
1075 1045 1181 1085 hanc
1210 1045 1416 1086 induciam
1439 1045 1598 1086 futuros
1625 1058 1714 1086 esse
1738 1058 1821 1086 non
1848 1044 2020 1084 dubites.

293 1124 333 1163 4.
392 1123 574 1164 Cernens
610 1123 834 1164 Proconsul
866 1121 1105 1164 Saturninus
1144 1126 1374 1164 sanctorum
1408 1125 1774 1177 perseverantiam,
1809 1124 2020 1163 decretum

114 1201 300 1242 recitavit
331 1214 382 1243 ex
410 1202 572 1243 tabella.
640 1200 875 1256 Speratum,
918 1201 1158 1250 Nazarium‚
1200 1201 1420 1253 cythium,
1455 1201 1678 1252 Donatam,
1719 1202 1946 1243 Secundam
1977 1205 2019 1240 et

118 1292 258 1320 omnes
303 1279 537 1320 Christiano
568 1281 649 1320 ritu
685 1281 821 1320 vivere
859 1293 904 1321 se
940 1279 1179 1327 confessos,
1231 1282 1275 1317 et
1320 1278 1429 1330 quod
1466 1278 1640 1319 oblatam
1670 1280 1748 1320 sibi
1782 1280 2019 1320 facultatem

114 1356 315 1397 redeundi
346 1357 398 1398 ad
424 1358 593 1397 deorum
628 1358 825 1397 culturam
854 1358 1055 1398 obstinate
1085 1369 1168 1397 non
1196 1359 1453 1409 receperunt,
1477 1356 1619 1410 gladio
1646 1370 1820 1410 namque
1840 1357 2019 1398 animatu

113 1436 217 1475 verti
248 1436 396 1487 placet.
453 1435 623 1476 Sanctus
651 1434 843 1489 Speratus
868 1435 993 1475 dixit:
1037 1435 1196 1475 Gratias
1223 1434 1388 1475 Christo
1417 1437 1587 1487 agimus.
1641 1436 1836 1477 Nazarius
1858 1439 2020 1476 sauctus

114 1513 236 1553 dixit:
293 1513 430 1553 Hodie
453 1513 657 1565 Martyres
682 1514 725 1552 in
747 1514 862 1552 coelo
894 1524 1044 1553 sumus.
1099 1512 1188 1553 Deo
1221 1514 1381 1566 gratias.
1440 1514 1679 1555 Saturninus
1692 1514 1915 1554 Proconsul
1942 1526 2018 1566 per

112 1602 345 1643 praeconem
371 1593 531 1630 sanctos
561 1590 654 1630 duci
678 1590 822 1643 jussit,
857 1590 900 1630 id
927 1593 1009 1638 est,
1047 1589 1282 1642 Speratum,
1322 1591 1559 1641 Nazarium,
1599 1591 1811 1644 Cythium,
1848 1592 2016 1640 Verum,

115 1669 321 1718 Felicem,
367 1668 621 1720 Aquilinum,
662 1667 937 1718 Lactantium,
974 1668 1233 1718 Ianuarium,
1271 1668 1548 1720 Generosum,
1588 1669 1782 1719 Vestam,
1818 1669 2014 1710 Donatam

113 1750 233 1799 atque
273 1745 530 1796 Secundam,
576 1751 619 1787 et
656 1747 715 1787 sic
753 1747 964 1787 venientes
1001 1747 1053 1787 ad
1091 1747 1224 1787 locum
1265 1748 1470 1800 martyrii,
1517 1747 1652 1801 gladio
1695 1752 1789 1788 sunt
1817 1748 2013 1801 percussi,

111 1825 250 1867 beatas
278 1824 365 1865 Deo
393 1825 543 1865 animas
572 1823 838 1865 tradiderunt.
894 1824 1088 1865 Dominus
1111 1828 1245 1866 autem
1272 1824 1454 1879 “suscepit
1483 1825 1687 1879 Martyres
1715 1838 1809 1867 suos
1835 1827 1878 1867 in
1899 1838 2013 1879 pace,

113 1903 177 1942 cui
207 1907 270 1943 est
295 1903 430 1944 honor
458 1906 500 1943 et
528 1903 656 1955 gloria
689 1903 732 1943 in
765 1903 913 1945 saecula
944 1904 1198 1945 saeculorum.
1255 1904 1401 1945 Amen.

134 2086 170 2114 26
196 2085 289 2121 Vide
312 2097 392 2131 quae
416 2097 531 2132 supra
550 2087 814 2125 adnotavimus
834 2100 868 2134 p.
890 2089 970 2124 221.
996 2092 1071 2125 not.
1089 2090 1145 2125 12.

268 2766 431 2801 Mz'o'nteri
455 2766 657 2802 Primordia
685 2767 849 2804 Ecclesiae
874 2770 1067 2813 Africanas.
1695 2773 1742 2808 29
