2341 3340
1180 151 1279 208 138

271 300 323 341 de
363 302 492 343 causis
532 301 721 343 Ethnicis
762 302 965 356 suspecti,
1009 301 1075 343 vel
1110 317 1134 345 a
1173 300 1422 347 delatoribus
1454 303 1630 346 accusati
1675 309 1837 356 essent,
1893 304 1939 347 in
1975 316 2180 347 carcerem

271 380 449 433 conjecti
481 387 594 431 snnt3
633 383 710 422 hos
739 395 834 422 vero
864 395 946 422 non
968 382 1017 422 ab
1042 385 1151 423 omni
1174 397 1267 423 cum
1288 384 1481 425 fratribus
1503 387 1751 426 commercio
1774 385 1974 425 cohibitus
1994 385 2180 438 legimus.

270 457 514 501 Christianis
553 461 744 502 nimirum
787 474 858 501 eos
895 464 1089 511 visitare,
1137 463 1271 514 iisque
1314 463 1576 504 humanitatis
1621 468 1664 504 et
1704 464 2002 505 benevolentiae
2044 462 2182 502 officia

267 542 461 588 praestare
489 540 626 589 licuit,
663 544 709 580 ut
744 540 1019 581 Tertullianus
1048 541 1153 580 libro
1182 540 1232 580 ΙΙ.
1262 539 1313 581 ad
1340 553 1532 591 uxorem,
1571 542 1687 595 cujus
1715 546 1852 582 tamen
1879 553 2006 581 annus
2035 540 2182 581 dubius

267 616 365 666 est),
395 629 430 656 c.
459 618 498 658 4.
526 619 739 671 perhibet:
776 624 817 660 et
840 620 966 673 Lapsi
998 620 1047 660 ab
1076 621 1126 660 iis
1149 620 1287 659 literas
1314 620 1425 673 pacis
1455 625 1721 660 exoraverunt
1748 627 1871 672 atque
1901 621 2183 673 impetrarunt.

268 695 364 735 Hos
390 699 585 739 moechos
613 705 658 740 et
670 700 976 752 fornicatores
995 701 1146 739 statim
1171 700 1346 747 ambire,
1377 712 1458 739 nec
1484 700 1596 739 ullos
1625 701 1765 752 magis
1797 699 1963 739 aditum
1994 699 2185 740 carceris

268 774 497 825 redimere,
532 791 660 831 quam
692 780 765 832 qui
785 780 1007 819 ecclesiam
1034 778 1338 832 perdiderunt,
1378 776 1434 816 ait
1467 774 1743 815 Tertullianus
1766 775 1819 815 de
1841 776 2035 829 pudicitia
2058 765 2093 817 c.
2115 777 2185 817 22.

269 851 371 902 Quae
404 855 570 905 quidem
598 857 745 903 verba,
784 857 885 894 licet
911 861 1085 907 tempuS,
1126 868 1204 906 quo
1234 855 1344 895 istud
1382 855 1624 908 opusculum
1652 854 1850 903 ediderit,
1886 854 2085 907 incertum
2118 856 2184 904 sit,

268 930 318 970 ad
361 930 503 971 Severi
544 937 679 973 tamen
723 933 830 972 hanc
871 933 1199 985 persecutionem
1237 934 1391 973 refero.
1456 934 1593 987 Stipes
1635 946 1758 987 porro
1800 947 1823 973 a
1853 932 2096 972 Christianis
2129 932 2184 973 ad

268 1009 436 1049 alendos
468 1022 551 1059 eos,
584 1013 653 1064 qui
672 1013 942 1059 exulaverant,
975 1011 1137 1049 collecti
1160 1015 1254 1050 sunt
1284 1009 1360 1064 (de
1387 1011 1484 1064 fuga
1514 1012 1624 1051 c.13.
1654 1013 1720 1051 14.
1751 1012 1968 1065 Apologet.
1996 1011 2186 1062 c.39.2⁰).

269 1086 314 1126 In
342 1088 418 1127 hac
450 1094 583 1129 autem
613 1092 898 1143 persecutione
927 1089 1071 1129 eadem
1100 1089 1442 1130 Montanistarum
1470 1102 1516 1129 ac
1533 1089 1838 1129 catholicorum
1865 1091 1946 1130 fuit
1969 1092 2187 1131 calamitas.

270 1165 540 1208 Montanistas
571 1170 680 1208 enim
718 1170 955 1221 martyrium
993 1170 1159 1208 minime
1197 1169 1364 1217 vitasse,
1407 1172 1565 1207 constat
1599 1181 1649 1207 ex
1688 1181 1831 1208 eorum
1863 1169 2054 1219 historia,
2094 1183 2186 1222 quae

269 1250 441 1286 testatur
471 1260 541 1288 eos
562 1249 827 1300 Many-ribus,
858 1248 909 1287 de
939 1248 1084 1299 quibus
1114 1248 1275 1301 gloriati
1303 1245 1452 1295 sunt²¹‚
1481 1246 1719 1286 abundasse.
1779 1247 1945 1300 Eosque
1972 1248 2016 1287 in
2048 1248 2188 1289 Africa

270 1337 433 1376 quoque
467 1332 631 1368 vexatos
671 1328 820 1376 fuisse,
865 1340 888 1366 e
925 1327 1030 1366 libro
1063 1326 1115 1365 de
1149 1327 1248 1379 suga
1275 1340 1297 1366 a
1329 1325 1613 1375 Tertulliano,
1657 1324 1908 1366 Montanista
1935 1326 2024 1380 jam
2054 1327 2187 1377 sacto,

270 1405 378 1445 circa
407 1406 485 1446 ista
509 1411 713 1460 tempora,
751 1420 855 1446 anno
885 1407 1076 1445 nimirum
1104 1405 1189 1444 2⁰2
1217 1406 1466 1458 composito,
1497 1404 1657 1445 abunde
1687 1403 1857 1456 patet22.

448 1487 489 1525 4.
550 1487 615 1526 Ad
649 1487 865 1525 Gnosticos
895 1498 991 1524 vero
1030 1485 1139 1536 quod
1169 1486 1333 1533 attinet,
1376 1488 1492 1524 erant
1521 1495 1682 1535 quoque
1713 1485 1756 1523 in
1783 1483 1900 1523 hisce
1934 1486 2077 1535 sectis,
2118 1488 2189 1538 qui

270 1575 361 1602 sese
405 1565 760 1616 persecutionibus
809 1564 1096 1603 subducerent.
1166 1563 1221 1602 Hi
1264 1565 1374 1603 enim
1423 1562 1522 1601 fidei
1572 1562 1812 1613 mysterium
1867 1575 2003 1603 coram
2057 1566 2187 1606 oculis

271 1643 534 1694 profanorum
564 1644 774 1685 hominum
804 1644 916 1683 haud
953 1656 1043 1683 esse
1077 1642 1365 1682 declarandum
1396 1641 1494 1690 rati,
1531 1622 1734 1680 Deuml'in
1764 1640 1912 1692 spiritu
1944 1645 1986 1682 et
2017 1644 2188 1686 veritate

270 1721 551 1771 adorandum,
598 1734 733 1773 neque
770 1723 1025 1762 caeremoniis
1066 1722 1245 1761 externis
1284 1725 1440 1761 tantum
1476 1722 1727 1760 momentum
1760 1719 2068 1762 concedendum
2099 1736 2189 1765 esse

271 1800 475 1850 docuere,
515 1804 652 1854 itaque
676 1802 786 1841 haud
810 1815 900 1841 esse
931 1815 1032 1854 opus
1061 1806 1107 1841 ut
1141 1804 1315 1841 mortem
1333 1797 1418 1853 'pro
1451 1798 1617 1838 Christo
1657 1800 1745 1852 ejus
1778 1799 1956 1839 cultores
1992 1802 2188 1844 subirent.

272 1880 410 1920 Semel
440 1882 549 1921 enim
580 1882 787 1922 Christum
813 1895 886 1934 pro
911 1882 1030 1921 nobis
1057 1885 1261 1921 mortuum
1294 1893 1398 1928 esse,
1428 1882 1475 1919 ut
1502 1892 1526 1918 a
1557 1882 1689 1918 morte
1719 1890 1793 1918 nos
1822 1879 2027 1929 liberaret,
2056 1894 2192 1933 neque

272 1974 296 1999 a
325 1961 443 1999 nobis
472 1961 786 2001 retributionem
813 1962 929 2001 illum
955 1973 1141 2013 poscere,
1186 1963 1231 1999 ut
1258 1972 1334 2013 pro
1367 1971 1416 1998 eo
1448 1958 1627 1997 vicissim
1654 1969 1729 1998 nos
1758 1956 1881 1996 morti
1908 1956 2190 2002 devoveamus.

274 2038 330 2079 Hi
358 2039 495 2092 igitur,
534 2040 804 2080 Ethnicorum
836 2041 988 2080 cultum
1017 2040 1265 2088 simulantes,
1302 2039 1351 2078 ab
1381 2037 1492 2078 omni
1528 2037 1814 2089 persecutione
1839 2035 2040 2076 immunes
2063 2038 2190 2080 fuisse

367 2195 445 2230 huc
482 2196 586 2231 trahi
618 2196 773 2241 possint.
830 2196 1065 2241 Hujusmodi
1109 2196 1212 2231 enim
1351 2194 1507 2230 Domini
1533 2205 1682 2229 necesse
1709 2197 1813 2236 erat,
1846 2196 1891 2229 ut
1913 2193 2058 2230 alicubi
2087 2207 2188 2233 com-

368 2265 519 2311 flagitia
541 2271 814 2302 commemorat
852 2279 874 2302 a
895 2267 1048 2302 Christo
1072 2267 1211 2300 Matth.
1230 2257 1233 2258 ⁷
1353 2263 1620 2301 mitterentur(

370 2336 416 2370 X.
442 2336 498 2371 21.
527 2337 717 2381 praedicta.
767 2338 943 2371 Attamen
970 2348 1014 2371 ea
1047 2337 1211 2370 Cartha-

1281 2359 1318 2388 2⁰
1344 2360 1401 2394 cf.
1428 2359 1647 2404 Zicglerum
1670 2356 1709 2393 in
1733 2357 1884 2391 Horren
1915 2356 2115 2394 Henkiano
2140 2359 2185 2394 X.

369 2406 459 2452 gine
478 2410 627 2453 patrata
648 2417 749 2449 esse,
785 2407 891 2441 nullo
916 2407 1035 2441 verbo
1064 2406 1211 2452 signifi·
1352 2441 1388 2474 P-
1411 2427 1469 2463 33.

372 2480 456 2518 cat,
504 2476 543 2510 id
589 2477 688 2520 quod
724 2479 826 2511 certe
860 2477 963 2511 haud
1002 2476 1211 2511 omissurus

370 2546 540 2589 fuisset,
586 2545 620 2580 si
659 2545 908 2592 cognovisset.
967 2545 1212 2580 Probabilior
1278 2521 1315 2551 ²¹
1351 2520 1587 2555 M⁰Shemiu³
1628 2520 1674 2554 de
1716 2520 1830 2554 rebus
1881 2519 2187 2556 Christianorum

370 2616 495 2662 igitur
546 2615 700 2651 videtur
736 2616 915 2660 Episcopi
952 2614 1212 2651 Lincolnensis
1353 2594 1440 2625 ante
1468 2590 1758 2626 constantinum
1784 2589 1836 2624 Μ’
1862 2601 1898 2634 Ρ·
1921 2589 2001 2624 424⁴

371 2686 558 2722 sententia
586 2699 620 2730 p.
642 2685 696 2720 40.
725 2699 811 2720 enm
831 2687 876 2720 de
910 2687 1048 2721 talibus
1082 2685 1212 2720 crimi-
1281 2684 1319 2713 2²
1343 2697 1377 2719 v.
1400 2696 1430 2719 c.
1457 2695 1535 2729 cap.
1553 2683 1587 2720 3.

369 2757 482 2792 nibus
506 2757 625 2802 loqui,
650 2756 740 2802 quia
760 2758 966 2792 secundum
988 2755 1212 2792 vaticinium
