2341 3340
1166 125 1265 174 184

254 273 464 314 Christum
485 272 740 326 abnegasset,
765 271 995 324 exspiravit.
1052 270 1160 311 Eum
1180 284 1203 311 a
1222 270 1478 320 Christianis,
1507 270 1617 311 haud
1640 271 1959 324 impedientibus
1977 272 2178 324 Fulminis,

250 355 294 394 iu
321 365 501 402 carcere,
534 353 719 393 custodia
751 354 886 392 autem
916 351 1044 392 libera
1073 351 1317 400 tenebatur,
1348 351 1572 391 lautissime
1595 351 1779 392 habitum
1808 351 1961 400 fuisse,v
1995 364 2046 391 ex
2075 351 2180 393 Ter-

248 434 421 474 tulliano
445 433 672 473 retulimus.
729 431 873 486 Pergit
900 445 998 472 vero
1019 432 1262 485 Septimius:
1298 444 1419 485 quem
1444 461 1542 471 .....
1564 437 1789 486 postremo
1820 433 1913 486 ipso
1947 432 2179 473 tribunalis

251 513 344 562 die,
390 515 488 555 luce
521 526 710 561 summa,
757 514 931 555 condito
971 526 1089 554 mero
1135 518 1342 565 tanquam
1374 510 1576 551 antidoto
1605 509 2054 570 'praemedicatum‘lQ
2113 513 2180 552 ita

252 574 512 640 enervastis,
542 598 609 640 ut,
647 594 800 647 paucis
831 594 1010 648 ungulis
1040 592 1266 639 titillatus,
1304 591 1382 630 hoc
1414 591 1528 630 enim
1562 568 2014 637 ebrietas-sentiebat,
2055 603 2180 644 quem

253 672 486 713 Dominum
507 675 793 727 confiteretur
817 673 1122 726 interroganti
1133 670 1324 712 Praesidi
1352 668 1619 723 respondere
1643 682 1731 709 non
1754 671 1952 723 potuerit
1973 669 2179 723 amplius,

252 756 382 804 atque
425 753 491 792 ita
527 752 581 792 de
618 753 695 794 hoc
719 754 818 808 jam
849 758 1054 799 exortus,
1097 750 1189 804 (alii
1228 752 1272 789 et
1313 749 1469 788 rectius
1503 749 1705 798 extortus>
1743 762 1838 789 cum
1876 749 2098 801 singultus
2135 754 2180 792 et

251 837 401 870 ructus
429 832 544 871 solos
572 833 792 888 haberet,v
816 834 863 872 2⁶72
904 833 1001 885 ipsa
1032 831 1271 884 negatione
1302 829 1484 882 digessit
1515 825 1608 881 (alii
1638 825 1827 868 discessit
1843 827 1898 877 4⁹3
1947 839 2039 878 quae
2069 825 2180 866 haud

251 907 376 947 dubie
407 921 502 948 vera
531 913 594 947 est
623 910 782 959 lectio).

428 987 469 1026 9.
540 987 618 1029 Hae
658 989 834 1041 publicae
878 988 1044 1039 quidem
1088 985 1257 1026 fuerunt
1296 985 1622 1026 Christianorum
1660 985 1933 1026 calamitates:
1980 985 2055 1027 sed
2098 997 2182 1027 non

252 1066 391 1106 unicas
423 1079 492 1107 eas
519 1068 672 1118 fuisse,
709 1068 832 1108 facile
861 1068 1127 1121 intelligetur.
1185 1066 1414 1107 Accessere
1441 1065 1635 1104 nimirum
1659 1064 1919 1114 domesticae,
1963 1066 2042 1106 etsi
2069 1066 2181 1107 haud

251 1158 416 1198 semper
453 1148 660 1198 exitiales,
708 1160 981 1189 aerumnarum
1013 1149 1150 1187 tamen
1184 1149 1306 1199 atque
1336 1145 1661 1185 sollicitudinum
1693 1144 1994 1185 molestissimae
2034 1158 2180 1187 causae.

274 1332 310 1360 43
334 1334 480 1370 Verba=
527 1349 621 1371 mero
652 1338 793 1371 condito
823 1341 1000 1380 tanquam
1029 1335 1192 1369 antidoto
1336 1335 1430 1369 actis
1456 1316 1675 1380 Martyrum
1713 1336 1860 1371 occurit
1894 1337 1941 1371 de
1967 1336 2180 1373 Fructuoso

343 1407 663 1451 praenzedz'catum,
701 1408 755 1442 ita
782 1407 1000 1447 enervastis,
1035 1405 1218 1439 si‘vera'
1335 1403 1522 1450 Episcopo
1561 1405 1859 1448 Tarraconensi,
1904 1407 1970 1451 qui
2001 1408 2072 1443 sub
2106 1409 2181 1444 Va-

347 1476 470 1511 refert
496 1477 719 1523 Septimius,
746 1477 927 1520 indicant,
954 1476 1192 1513 Christianos

345 1557 614 1592 nonnunquam
643 1548 882 1593 martyribus
917 1547 1008 1582 vina
1041 1557 1193 1581 aroma-

347 1615 451 1651 tibus
489 1618 692 1653 narcotieis
729 1619 902 1661 condita,
951 1629 1026 1663 quo
1067 1617 1194 1652 minus

349 1689 499 1724 dolores
535 1689 744 1732 sentirent,
786 1693 901 1734 atque
940 1700 1015 1734 quo
1053 1687 1193 1722 fortius

347 1760 551 1795 tormentis
581 1759 825 1802 resisterent,
871 1758 1192 1795 subministrasse.

347 1828 412 1865 Sic
435 1829 578 1864 Judaeis
611 1829 768 1875 quidem
795 1830 834 1864 in
865 1841 972 1864 more
1001 1828 1091 1871 fuit,
1128 1827 1195 1873 qui

348 1902 390 1934 ut
409 1900 660 1934 Talmudistae
685 1899 892 1945 perhibent
915 1899 990 1933 reis
1013 1898 1193 1944 poculum

345 1970 428 2004 vini
440 1970 621 2004 medicati
634 1970 881 2017 porrigebant
892 1968 999 2013 (vide
1010 1969 1193 2003 Wetsten.

347 2041 396 2075 ad
415 2039 540 2075 Marci
557 2041 637 2075 XV.
657 2040 714 2075 23.
737 2044 774 2075 et
796 2042 917 2075 Henr.
936 2038 1122 2085 Kippingi
1147 2039 1193 2073 de

346 2122 460 2145 cruce
499 2114 538 2145 et
573 2109 771 2146 cruciariis
809 2122 932 2145 exerc.
953 2111 1000 2144 Χ.
1033 2110 1079 2144 tle
1106 2120 1195 2144 cru-

347 2180 460 2215 ciarii
486 2181 610 2227 potu).
659 2181 708 2215 Et
737 2180 812 2226 ipsi
840 2180 1004 2215 Domino
1032 2180 1073 2214 in
1106 2190 1194 2214 cru-

344 2262 431 2286 cem
467 2255 564 2293 acto,
599 2252 756 2295 vinum,
790 2252 891 2297 quod
923 2251 1078 2285 Marcus
1106 2252 1195 2286 οἶνον

347 2325 599 2370 ἒᾳιωρνισμένον
631 2321 737 2364 dicit,
772 2321 1057 2366 porrigebatur,
1093 2321 1193 2366 quod

348 2398 476 2428 tamen
526 2391 730 2427 recusavit.
802 2392 911 2426 Idem
951 2392 1024 2425 hoc
1064 2395 1195 2425 nostra.

349 2465 474 2499 adhuc
509 2467 619 2497 aetate
656 2462 795 2507 passim
824 2453 1004 2504 fit‚'ul›i
1038 2461 1095 2495 rei
1122 2462 1192 2495 du·

348 2538 498 2568 cuntur.
549 2532 622 2566 Sed
645 2533 819 2566 Romana
847 2532 952 2567 haud
989 2535 1070 2566 erat
1101 2543 1191 2566 con-

347 2606 530 2647 suetudo3
570 2607 606 2638 et
630 2603 741 2637 unica
766 2603 901 2637 saltem
926 2602 1020 2637 sacti
1053 2601 1191 2636 similis

347 2675 540 2718 narratio,
578 2678 762 2719 quantum
792 2673 971 2718 equidem
1011 2672 1109 2714 scio,
1151 2672 1190 2707 in

1333 1475 1479 1510 leriano
1507 1475 1618 1510 vivus
1639 1475 1742 1510 arsit.
1798 1476 1902 1510 Huic
1922 1476 2036 1520 enim,
2061 1490 2180 1523 quum

1337 1544 1553 1588 duceretur,
1602 1545 1814 1580 Christiani
1837 1547 1978 1590 conditi
2010 1550 2183 1593 permixti

1331 1615 1502 1660 poculum
1562 1616 1796 1650 obtulerunt.
1860 1615 2048 1659 (Ruinart
2084 1618 2181 1655 Acta

1336 1684 1498 1731 Max-tyr,
1543 1698 1579 1731 p.
1605 1685 1686 1723 222.
1754 1685 1923 1721 Neandri
1970 1687 2078 1723 Geist
2114 1689 2180 1725 des

1336 1755 1574 1791 Tertullians
1620 1768 1656 1802 p.
1691 1755 1772 1792 287.

1336 1826 1466 1871 poculi
1484 1826 1694 1862 Fructuoso
1717 1827 1838 1861 oblati
1859 1828 2036 1863 meminit
2062 1829 2179 1866 etiam

1841 1757 2025 1801 Ejusdem
2061 1759 2180 1804 hujus

1335 1895 1568 1931 Prudentius
1601 1896 1904 1942 Peristepllan03n
1936 1898 2082 1944 hymno
2114 1901 2177 1936 VI.

1334 1967 1547 2002 Fructuoso
1570 1967 1727 2012 ejusque
1748 1966 1948 2010 Diaconis,
1982 1980 2017 2004 v.
2037 1968 2096 2005 55.
2118 1970 2176 2006 56.

1336 2038 1516 2073 Ceterum
1542 2037 1588 2072 de
1617 2048 1723 2072 mero
1752 2037 1902 2072 condito
1937 2039 2113 2082 consule,
2145 2041 2178 2075 si

1335 2107 1434 2143 tanti
1459 2110 1535 2149 est,
1583 2118 1666 2151 quae
1707 2107 1826 2141 habet
1882 2106 2095 2144 Columella
2137 2110 2177 2145 in

1336 2176 1516 2212 Gessneri
1540 2175 1696 2222 Seriptt.
1715 2176 1790 2211 Rei
1810 2176 1978 2211 Rusticae
1999 2175 2029 2212 Ι.
2049 2178 2176 2223 p.826.

1334 2260 1404 2284 nec
1447 2258 1522 2283 non
1562 2246 1756 2282 Palladius
1773 2273 1784 2290 ‚
1828 2258 1958 2282 mense
1991 2248 2175 2286 Februar.

1335 2319 1436 2364 apud
1461 2318 1624 2352 eundem
1636 2318 1758 2354 Temo
1778 2318 1828 2353 11.
1859 2329 1893 2363 1).
1914 2318 1971 2355 7¹7.
1992 2323 2031 2355 et
2049 2331 2175 2356 mense

1336 2388 1496 2424 Octobri
1522 2400 1556 2433 p.
1578 2387 1658 2422 139.

1263 2531 1299 2561 49
1325 2531 1361 2565 h.
1387 2542 1418 2565 e.
1436 2521 1610 2564 morffius
1635 2532 1702 2563 est.
1727 2528 1791 2563 Sic
1814 2541 1962 2575 quoque
1982 2530 2171 2572 Abscessit,

1334 2601 1372 2636 in
1387 2611 1575 2635 marmore
1589 2600 1690 2645 apud
1705 2600 1914 2635 Gruterum
1927 2612 1962 2644 p.
1976 2611 2172 2637 nuxvnl.

1333 2683 1392 2707 no.
1414 2671 1446 2705 1.
