2341 3340
1185 160 1286 207 120

275 305 527 347 Tertulliano
553 317 686 359 nuper
712 303 959 346 restitutas⁷.
1016 303 1209 346 Attamen
1238 314 1402 344 omnem
1427 301 1653 344 Marcionis
1684 301 1911 342 doctrinam
1939 305 2197 355 perspectam

275 386 384 426 haud
414 386 577 434 habuit3
616 386 720 425 nihil
745 387 856 425 enim
876 383 929 423 de
958 383 1116 423 iteratis
1146 383 1269 436 hujus
1292 385 1420 422 sectae
1442 383 1651 435 baptismis
1673 382 1812 432 tradit,
1840 381 2018 433 ideoque
2046 382 2198 421 nullam

274 464 474 507 variarum
489 464 675 518 ejusdem
693 465 894 514 classium,
925 476 1021 516 quas
1038 461 1186 515 gradus
1202 461 1440 501 initiationis
1456 462 1660 514 appellare
1675 462 1786 510 licet,
1819 461 1964 501 habuit
1983 458 2200 501 notitiamss.

452 544 542 584 Neo
569 543 794 584 Marcionis
824 541 1104 584 tantummodo
1138 539 1343 592 discipuli,
1380 539 1456 580 sed
1487 543 1610 580 sectae
1635 553 1809 593 quoque,
1855 553 1945 592 quae
1976 552 2027 578 ex
2057 550 2201 579 eorum

275 622 431 674 gremio
472 622 692 675 prodiere,
748 624 831 663 cito
872 621 1210 675 propagabantur.
1285 617 1334 657 In
1375 618 1525 659 horum
1565 620 1839 673 antesignanis
1882 619 1962 659 fuit
2001 620 2200 674 Apelles,

274 699 385 740 idem
413 700 514 751 ille,
564 715 686 754 quem
723 702 905 743 Rhodon
937 699 1131 741 refutavit
1151 696 1188 752 ξ),
1229 709 1378 750 quem,
1419 697 1610 751 dogmate
1639 698 1865 738 Marcionis
1906 700 1950 739 in
1995 696 2203 738 nonnullis

265 784 444 830 mutato,
480 781 701 835 discipulos
728 782 773 823 in
802 781 945 822 Africa
974 791 1136 832 quoque
1167 781 1331 818 nactum
1358 789 1450 818 esse
1478 777 1616 826 credo,
1651 790 1777 831 quum
1807 778 2084 818 Tertullianus
2113 776 2203 829 ejus

278 870 389 911 saepe
430 859 555 899 faciat
595 862 846 900 mentionem
888 859 962 908 (de
1006 869 1128 897 carne
1161 856 1315 897 Christi
1353 868 1390 896 c.
1421 857 1462 896 6.
1510 857 1562 896 de
1592 858 1897 898 resurrectione
1934 857 2066 897 carnis
2099 868 2134 895 c.
2162 853 2203 897 5.

278 937 366 977 adv.
382 937 637 978 Marcionem
664 936 811 978 1V.1¹7.
838 938 1064 978 Lucanum
1093 947 1257 986 quoque
1283 935 1422 984 habet,
1453 937 1797 977 resurrectionem
1818 936 1949 975 carnis
1976 936 2203 986 animaeque

277 1019 518 1067 negantem,
562 1019 810 1056 statuentem
846 1026 945 1054 vero
981 1013 1149 1053 tertium
1183 1011 1348 1063 aliquod
1381 1018 1708 1055 resurrecturum
1737 1028 1856 1055 esse:
1906 1014 2049 1066 procul
2079 1012 2204 1053 dubio

280 1093 525 1144 docentem,
569 1096 732 1136 tertiam
763 1092 1043 1135 tantummodo
1072 1091 1251 1132 hominis
1285 1093 1467 1144 partem,
1510 1091 1708 1147 πνεῦμα,
1755 1106 1846 1133 esse
1880 1089 2207 1133 immortalemw.

277 1172 342 1212 Ex
376 1174 511 1214 verbis
549 1187 648 1216 vero
678 1174 922 1235 Tertulliani
954 1170 1066 1213 haud
1106 1171 1215 1211 clare
1251 1174 1386 1223 patet,
1424 1169 1634 1212 Lucanum
1669 1174 1781 1213 hunc
1818 1173 1862 1212 in
1891 1172 2031 1212 Africa
2063 1172 2207 1212 fuisse.

279 1252 342 1295 De
378 1255 603 1308 praescript.
632 1267 668 1294 c.
695 1255 736 1293 6.
766 1257 809 1294 et
836 1267 871 1294 c.
900 1252 970 1292 51.
1007 1250 1051 1291 in
1080 1250 1308 1304 appendice
1336 1249 1385 1291 ab
1418 1251 1498 1290 alio
1527 1255 1693 1292 auctore
1732 1247 1906 1305 scripto)
1917 1249 1964 1291 Π.

329 1421 348 1450 ’ἵ
376 1411 621 1447 Anthitheses
658 1410 865 1446 Marcionis
891 1409 1086 1451 Gnostici,
1117 1407 1221 1442 liber

377 1481 609 1525 deperditus,
644 1493 756 1524 nunc,
785 1482 908 1525 quoad
933 1481 1014 1524 ejus
1040 1477 1127 1514 fieri
1151 1488 1221 1523 po-

377 1550 466 1592 tuit,
495 1552 706 1586 restitutus.
737 1551 830 1584 ibid.
851 1549 952 1585 1823.

330 1641 349 1668 8
372 1636 498 1671 Hosce
514 1636 669 1672 iteratos
682 1636 1000 1673 Marcionitarum
1011 1633 1223 1680 baptismos

378 1705 526 1751 primus
555 1709 592 1741 et
613 1702 746 1741 unicus
772 1710 827 1741 est
859 1706 925 1751 qui
950 1705 1226 1741 commemoret

378 1776 616 1821 Epiphanius
638 1778 780 1812 Haeres.
800 1776 918 1810 XLII.
931 1775 965 1810 3.
1001 1775 1059 1810 cf.
1075 1777 1225 1809 nostras

379 1845 636 1890 Antiquitates
658 1846 940 1882 Ecclesiasticas
953 1844 1225 1883 Gnosticorum

380 1928 417 1960 1).
444 1916 525 1951 103.

334 1998 352 2027 ss
376 1985 608 2031 Fragmenta
641 1986 734 2020 libri
768 1996 790 2020 a
821 1984 1010 2021 Rhodone
1043 1984 1225 2019 adversus

381 2056 557 2101 Apellam
582 2056 677 2092 editi
699 2057 880 2101 leguntur
902 2055 1004 2101 apud
1015 2053 1227 2088 Eusebium

381 2126 484 2160 Hist.
521 2125 664 2163 Eccles.
696 2128 738 2162 V.
767 2126 824 2161 13.
881 2126 940 2160 Cf.
971 2124 1107 2158 Routh
1138 2122 1226 2159 Rel.

383 2195 509 2237 Sacrae¹
531 2195 560 2230 Ι.
585 2207 619 2241 p.
638 2195 719 2231 349.
767 2196 867 2231 Eum
889 2198 931 2230 ut
942 2193 1116 2230 Marcion
1128 2192 1229 2228 sacri

384 2266 526 2302 codicis
581 2266 701 2300 fuisse
754 2265 1053 2301 adulteratorem
1092 2263 1229 2299 asserit

383 2337 547 2373 Rufinus
580 2336 626 2370 de
658 2336 821 2372 adulter.
855 2335 990 2370 libror.
1036 2332 1228 2380 Origeniss.

387 2407 482 2452 Opp.
503 2406 662 2441 Hieron.
683 2406 729 2440 ed
751 2404 855 2440 1675.
877 2405 911 2438 T
915 2416 988 2439 om.
1006 2404 1070 2439 IV.
1091 2415 1126 2449 p.
1145 2403 1227 2439 250.

386 2476 582 2523 Cogitavit
611 2475 771 2510 forsitan
800 2475 846 2509 de
871 2474 1082 2520 Evangelio
1101 2473 1228 2519 Apelli

386 2548 545 2584 tributo.
595 2546 746 2580 Incerta
775 2549 903 2580 tamen
940 2557 1011 2580 res.
1060 2544 1229 2580 Walchii

387 2617 559 2653 Historie
585 2616 652 2651 der
674 2615 908 2660 Ketzereycn
935 2615 965 2654 Ι,
992 2627 1027 2660 p.
1047 2614 1105 2650 52.

317 2703 354 2734 1⁰
380 2703 436 2738 De
474 2713 615 2738 resurr.
652 2700 776 2737 carnis
818 2712 848 2735 c.
871 2700 904 2735 2.
969 2701 1097 2736 Omnes
1136 2698 1228 2735 enim

385 2775 469 2818 fere
510 2772 672 2809 lzaeretici
713 2783 793 2808 eam
835 2769 989 2814 (animae
1023 2770 1228 2816 salutem),

2035 1250 2206 1291 Librum

1361 1411 1599 1453 quoquomodo
1623 1411 1758 1451 volunt,
1799 1414 1922 1444 tamen
1950 1419 2021 1442 non
2052 1411 2207 1453 negant.

1369 1478 1508 1513 Viderit
1533 1492 1627 1514 unus
1655 1480 1785 1524 aliquis
1817 1480 2001 1520 Lucanus,
2029 1489 2094 1512 neo
2120 1477 2210 1512 Jzuoe'c

1362 1549 1504 1593 quidem
1543 1551 1754 1585 substantias·
1783 1560 1966 1594 parcens,
2012 1558 2120 1592 quam
2152 1559 2209 1582 se-

1365 1619 1521 1654 cundum
1559 1606 1784 1655 Aristotelem
1823 1618 2049 1660 dissolvens,
2104 1617 2208 1652 aliud

1367 1689 1454 1733 quid
1480 1701 1547 1734 pro
1580 1702 1625 1725 ea
1652 1689 1820 1732 subjicit,
1853 1689 1959 1734 quasi
1984 1687 2033 1722 sit
2063 1687 2212 1723 tertium

1366 1759 1538 1804 quiddam
1570 1763 1855 1796 resurrecturum
1874 1785 1886 1801 ‚
1932 1770 2046 1803 neque
2085 1753 2212 1793 anima

1365 1840 1479 1874 neque
1502 1843 1601 1872 caro,
1633 1831 1672 1864 z'd
1695 1834 1770 1872 est,
1805 1841 1875 1863 non
1896 1829 2019 1870 hom03
2055 1829 2119 1863 sed
2146 1841 2209 1863 ur-

1365 1910 1427 1934 sus
1432 1901 1609 1943 forsitan,
1635 1904 1819 1944 tamqnam
1832 1899 2013 1933 Lucanus.
2060 1897 2117 1932 De
2136 1898 2211 1933 hoc

1367 1968 1522 2005 Lucano
1543 1971 1858 2020 aguntpraeterea
1872 1967 2057 2013 Origenes
2079 1971 2212 2004 contra

1368 2039 1524 2076 Celsum
1551 2038 1637 2074 Lib.
1666 2038 1716 2072 II.
1748 2049 1778 2072 c.
1800 2037 1856 2073 2'7.
1888 2037 1984 2082 Opp.
2008 2037 2131 2073 Tomo
2158 2037 2210 2072 Π.

1367 2121 1405 2155 1¹.
1441 2109 1521 2144 411.
1589 2107 1772 2143 Philostr.
1826 2108 1871 2141 (le

1367 2178 1556 2223 Epiphan.
1600 2178 1702 2213 Haer.
1737 2177 1875 2212 XLIII.
1937 2177 1996 2212 Jo.
2032 2175 2211 2222 Damaso.

1370 2248 1417 2283 de
1434 2248 1565 2284 haeres.
1590 2260 1620 2283 c.
1639 2246 1696 2284 43.
1745 2246 1914 2283 Walchii
1935 2245 2109 2282 Historie
2143 2246 2209 2282 der

1367 2318 1604 2364 Ketzereyen
1628 2317 1658 2352 1.
1689 2329 1726 2363 p.
1745 2316 1826 2352 525.

1912 2107 2044 2141 haeres.
2088 2118 2118 2141 c.
2152 2105 2209 2142 46.

1298 2415 1338 2447 11>
1358 2421 1479 2456 Μίαν
1508 2414 1644 2468 ἀρχὴν
1673 2415 1909 2465 ὁμολογεῖ,
1947 2417 1993 2452 (16
2019 2427 2062 2452 eo
2087 2415 2212 2462 inquit

1368 2488 1570 2532 Eusebiae,
1591 2487 1815 2523 antithetice
1836 2486 2019 2522 nimirum
2029 2486 2211 2522 adversus

1367 2559 1615 2602 Marcionem,
1636 2543 1958 2604 quemadmodum
1976 2556 2057 2599 ejus
2072 2556 2210 2602 dogma

1370 2630 1487 2678 vulgo
1525 2628 1769 2674 intelligitur.
1818 2628 1907 2662 Mea
1940 2626 2094 2670 quidem
2127 2637 2210 2661 sen-

1370 2699 1492 2735 tentia
1522 2698 1694 2734 Marcion
1732 2697 1881 2733 nonnisi
1920 2707 2039 2730 unum
2076 2694 2213 2731 statuit

1371 2768 1627 2814 principium,
1667 2769 1791 2804 Deum
1836 2765 2044 2810 infinitum,
2085 2764 2212 2801 Persis
