2341 3340
1017 135 1118 180 197

120 275 264 324 modo,
308 275 382 316 sed
405 276 568 328 integri
600 287 762 326 quoque
801 276 964 321 coetuS,
1016 282 1135 322 quam
1171 271 1336 321 quidem
1379 287 1467 315 rem
1513 288 1631 327 quam
1677 278 1843 332 indigne
1883 281 2024 323 tulerit

122 352 426 402 Tertullianus,
474 366 524 393 ex
565 353 658 392 libri
696 352 748 391 de
783 351 880 403 fuga
911 362 947 389 c.
970 349 1037 390 13.
1078 349 1218 388 videre
1259 349 1384 390 est1'1.

121 431 307 483 augendo
357 432 480 471 hasce
534 431 722 481 pecunias
766 430 815 468 ab
862 428 1177 480 Imperator-ibus
1227 439 1430 478 nunquam
1476 432 1694 473 destinatas
1740 435 1891 484 fuisse,
1947 438 2021 477 sed

1469 354 1628 394 AErario
1674 359 1808 396 autem
1859 360 2020 410 publico

119 510 296 560 privatos
327 508 602 549 tantummodo
634 508 820 548 homines
852 507 1013 554 ditasse,
1045 505 1322 544 Tertullianus
1349 506 1460 546 haud
1486 509 1572 547 sine
1595 512 1727 561 aliqua
1755 513 2021 554 admiratione

120 586 319 626 asseritlss.
375 587 408 626 Ii
436 600 545 636 vero,
582 589 651 639 qui
676 587 950 634 remanebant,
993 584 1028 624 si
1054 582 1327 636 imprudentia
1355 584 1464 624 forte
1492 588 1809 638 propinquorum
1822 590 1855 618 ¹⁹
1884 594 2021 632 aliisve

140 741 178 770 17
202 741 325 777 Locus
357 746 412 777 est
448 743 649 785 obscurus,
684 742 799 776 aliam
828 753 918 775 vero
942 738 1046 773 haud
1184 738 1276 773 Haec
1297 750 1388 773 vero
1409 742 1536 776 officia
1562 742 1600 777 in
1632 745 1958 788 praevaricationes
1983 751 2021 782 et

212 812 382 848 admittit
423 811 782 855 interpretationem.
846 810 917 843 Sed
961 808 1046 854 quid

213 892 282 914 non
303 882 480 916 timiditas
502 881 747 925 persuadebit,
783 879 887 924 quasi
916 883 952 913 et
977 881 1046 922 su-

212 962 303 996 gere
341 952 521 995 scriptura
560 951 751 995 permittat
798 954 832 983 et
873 949 1047 983 redimere

205 1019 406 1064 praecipiat.
457 1020 596 1053 Parum
624 1020 785 1063 denique,
815 1019 845 1053 si
867 1030 960 1052 unus
980 1021 1045 1051 aut

211 1091 307 1124 alius
337 1091 392 1124 ita
416 1090 565 1125 eruitur.
614 1089 827 1123 Massaliter
847 1086 904 1131 (οε
931 1087 1045 1121 simul

210 1163 249 1193 et
268 1171 335 1204 pro
359 1159 554 1203 omnibus)
580 1162 663 1193 totae
694 1160 848 1193 ecclesiae
872 1159 1044 1192 tributum

210 1230 280 1264 sibi
315 1230 571 1274 irrogaverunt
599 1227 858 1272 (concussores
891 1227 1042 1272 nostri).

210 1298 364 1339 Nescio,
391 1299 578 1333 dolendum
608 1310 656 1330 an
680 1298 951 1331 erubescendum
981 1298 1040 1337 sit,

211 1379 290 1402 cum
336 1368 375 1401 in
415 1367 625 1401 matricibus
664 1367 969 1409 beneficiariorum
1007 1370 1042 1401 et

210 1437 447 1477 curiosorum,
481 1436 575 1470 inter
606 1436 832 1470 tabernarios
862 1440 898 1470 et
927 1436 1043 1471 lanios

210 1511 246 1542 et
261 1509 368 1551 fures
391 1506 602 1541 balnearum
625 1510 659 1540 et
683 1506 824 1539 aleones
841 1510 876 1539 et
887 1506 1042 1546 lenones,

214 1576 416 1612 Christiani
432 1587 565 1621 quoque
585 1576 783 1619 vectigales
805 1576 1041 1610 continentur.

210 1646 320 1681 Hanc
353 1646 574 1691 episcopatui
593 1647 756 1688 formam
779 1645 937 1689 Apostoli
955 1656 1042 1690 pro-

209 1715 387 1749 videntius
430 1715 666 1749 condiderunt
682 1740 694 1756 ,
737 1719 779 1748 ut
820 1725 934 1759 regno
980 1726 1042 1748 suo

209 1786 328 1818 securi
353 1786 439 1828 frui
469 1789 612 1830 possent
643 1786 706 1819 sub
736 1784 880 1818 obtentu
911 1795 1043 1828 procu-

208 1855 328 1889 randi.
376 1855 520 1888 Scilicet
550 1855 641 1888 enim
659 1854 769 1888 talem
784 1864 914 1897 pacem
938 1853 1043 1887 Chri-

211 1929 288 1958 stus
316 1925 365 1957 ad
386 1928 530 1968 patrem
563 1924 775 1969 regrediens
801 1922 991 1956 mandavit
1019 1933 1043 1957 α

207 1994 377 2027 militibus
415 2005 483 2037 per
510 1993 755 2027 Saturnalitia
786 1992 1041 2026 redimendam.

215 2061 458 2095 Beneficiarii
489 2062 711 2095 dicebantur
746 2060 888 2095 milites
929 2061 1043 2094 bene-

209 2131 297 2164 ficio
319 2130 497 2175 principis
532 2131 579 2165 ad
617 2130 745 2165 officia
775 2141 803 2164 s.
833 2129 1046 2164 ministeria

193 2203 313 2233 *certa
336 2199 511 2233 adsumti.
565 2199 622 2233 Ex
642 2210 774 2234 eorum
791 2199 921 2233 schola
939 2201 1046 2233 erant

210 2268 362 2303 Curiosi
388 2280 425 2303 v.
459 2269 679 2303 Stationarii
723 2279 853 2303 cursus
899 2267 1047 2313 publici

211 2349 311 2373 curae
334 2337 543 2382 praepositi,
567 2350 635 2383 per
655 2338 833 2372 stationes
858 2335 1045 2382 dispositi,

210 2407 348 2452 quibus
359 2406 506 2441 Codicis
522 2407 567 2441 de
578 2407 735 2442 curlosis
745 2407 807 2441 lex
819 2406 838 2440 I
857 2406 1044 2452 injungit:

209 2482 252 2511 ut
279 2476 430 2510 crimina
440 2475 627 2518 judicibus
646 2476 856 2511 nuncianda
876 2476 1042 2511 memine-

209 2547 305 2585 rint5
330 2544 395 2589 qui
413 2544 534 2590 igitur
551 2533 854 2589 persecutionum
872 2548 1042 2589 tempore

210 2614 444 2649 Christianos
484 2624 631 2657 quoque
665 2613 938 2656 quaesiverunt,
979 2624 1042 2649 eos

210 2684 455 2724 deferebant,
492 2681 819 2726 tribunalibusque
847 2682 1040 2718 sistebant.

1185 808 1334 852 rapinas
1353 797 1640 856 degeneravere.
1668 813 1908 847 Beneficiarii
1920 815 2021 849 enim

1186 880 1224 910 et
1248 878 1408 920 Curiosi,
1435 881 1677 924 pensionibus
1699 882 1831 916 annuis
1858 894 1894 917 v.
1914 895 2020 918 men-

1187 946 1302 981 struis
1330 949 1512 992 corrupti,
1540 951 1857 994 tabernariorum,
1889 954 2018 988 surum

1185 1018 1254 1050 etc.
1281 1017 1423 1051 scelera
1443 1017 1743 1062 dissimulabant,
1776 1021 1830 1055 ita
1853 1026 1896 1055 ut
1916 1022 2018 1057 domi

1181 1082 1378 1121 'servarent
1419 1088 1640 1122 matriculas
1677 1090 1849 1134 turpium
1884 1092 2017 1134 hujus-

1183 1156 1288 1191 modi
1326 1156 1555 1201 pactionum.
1610 1159 1682 1191 His
1720 1160 1871 1194 tandem
1905 1162 2018 1195 Chri-

1183 1224 1318 1267 stiani,
1359 1228 1403 1258 ut
1434 1225 1630 1260 securitati
1665 1238 1738 1260 suae
1770 1230 2017 1273 consulerent,

1182 1293 1310 1327 decori
1336 1296 1373 1327 et
1396 1293 1602 1328 honestatis
1625 1294 1880 1340 immemores,
1903 1310 2018 1342 pecu-

1181 1363 1265 1397 nias
1291 1363 1409 1408 pactis
1438 1363 1691 1407 pensionibus,
1717 1377 1808 1410 quas
1834 1367 2020 1402 Tertulli-

1183 1443 1275 1467 anus
1305 1433 1513 1477 Vectigalia
1540 1438 1670 1476 vocat,
1704 1446 1905 1470 numerare
1934 1448 2019 1471 coe·

1184 1505 1332 1547 perunt.
1389 1502 1447 1536 Cf.
1476 1503 1644 1537 Iudicem
1671 1504 1887 1539 Latinitatis
1922 1506 2019 1540 Ter·

1183 1571 1397 1613 tullianeae,
1430 1571 1498 1605 Ed.
1522 1571 1684 1607 semleri
1713 1572 1835 1607 Tomo
1860 1574 1922 1608 VI.
1948 1575 2018 1609 sub

1182 1643 1300 1675 verbo
1339 1641 1479 1676 Curiosi
1508 1653 1543 1685 p.
1565 1639 1646 1676 366.

1112 1710 1150 1740 18
1172 1711 1229 1745 De
1262 1712 1356 1757 suga
1387 1722 1418 1743 c.
1444 1710 1499 1743 12.
1551 1711 1676 1745 Tanta
1704 1712 1859 1755 quotidie
1891 1713 2020 1748 aerario

1186 1780 1470 1825 (Imperatoris)
1491 1782 1659 1825 augendo
1674 1782 1942 1825 prospiciantur
1961 1794 2018 1817 re-

1182 1851 1301 1884 media
1320 1861 1497 1891 censuum,
1516 1851 1762 1895 vectigalium,
1778 1851 2017 1892 collationum,

1182 1920 1459 1964 stipendiorum.-
1493 1932 1559 1954 nec
1588 1931 1745 1964 unquam
1768 1932 1877 1965 usque
1898 1921 2019 1955 adbuc

1184 2001 1227 2025 ex
1260 1990 1476 2024 Christianis
1516 1990 1592 2023 tale
1630 1990 1766 2033 aliquid
1792 1995 2020 2034 prospectum

1185 2063 1221 2094 et
1263 2060 1326 2092 sub
1369 2059 1528 2103 aliquam
1572 2060 1846 2102 redemptionem
1890 2060 2020 2104 capitis

1185 2132 1239 2164 est
1266 2132 1371 2162 sectoe
1393 2129 1614 2172 redigendis,
1643 2139 1748 2171 quum
1785 2132 1897 2161 tantoe
1926 2129 2017 2162 mul-

1184 2197 1352 2232 titudinis
1378 2197 1512 2230 nemini
1548 2196 1684 2241 ignotae
1710 2193 1861 2239 fructus
1889 2199 2020 2244 ingens

1185 2269 1272 2303 meti
1293 2271 1423 2313 posset.

1115 2335 1151 2365 1⁹
1173 2337 1278 2372 Inter
1290 2335 1523 2371 Christianos
1543 2334 1641 2378 ipsos
1662 2345 1704 2368 eo
1719 2338 1886 2378 tempore
1901 2334 2018 2370 fuisse

1186 2407 1413 2446 traditores,
1459 2404 1666 2447 affinesque
1705 2404 1804 2448 ipsos
1836 2404 2017 2446 extitisse,

1185 2475 1251 2520 qui
1287 2476 1449 2515 fratres,
1484 2477 1655 2518 parentes
1703 2474 1876 2517 filiosque
1907 2484 2017 2507 accu·

1182 2547 1339 2586 sarent,
1386 2542 1605 2586 neutiquam
1648 2542 1805 2576 inducor
1839 2547 1881 2577 ut
1918 2543 2017 2577 mihi

1179 2614 1437 2658 persuadeam.
1475 2611 1613 2644 Extant
1633 2615 1757 2644 tamen
1780 2612 1817 2645 in
1832 2611 2017 2645 Tertulli·

1184 2682 1247 2718 ani
1286 2681 1504 2726 scorpiaces
1539 2691 1569 2714 c.
1598 2680 1632 2714 9.
1663 2684 1700 2714 et
1729 2680 1784 2714 1⁰.
1816 2679 1911 2723 loci,
1951 2680 2016 2724 qui
