2341 3340
1170 126 1234 171 10

242 267 415 320 imperio
443 267 609 307 militari
646 268 689 307 in
718 267 902 307 Africam
937 267 1079 316 missi,
1125 267 1270 316 sedes,
1307 271 1370 307 tot
1402 268 1657 308 commerciis
1697 280 1790 308 cum
1823 266 1980 316 Roma,
2018 265 2155 308 Sicilia

243 349 365 398 atque
405 347 593 386 universa
631 347 744 386 Italia
794 346 1151 398 conjunctissima3
1201 345 1310 385 unde
1344 332 1561 398 quotannis
1605 347 1744 386 classis
1781 345 2045 386 frumentaria
2083 359 2159 399 per

241 429 407 479 portum
437 425 668 465 Ostiensem
701 426 874 466 Romam
907 426 1102 473 devecta,
1144 438 1224 464 una
1262 438 1355 464 cum
1392 424 1530 464 Sicula
1562 429 1711 477 atque,
1758 439 1781 465 a
1810 425 2025 465 Commodi
2060 425 2160 466 inde

243 508 442 558 tompore,
460 504 745 553 Alexandrina,
775 517 974 544 annonam
997 505 1154 543 levavit.
1212 503 1282 543 Nil
1301 503 1473 556 proinde
1493 518 1516 543 a
1536 517 1689 545 summa
1706 506 1792 544 veri
1815 505 1951 558 specie
1969 505 2158 553 alienum,

244 585 278 625 si
301 584 590 637 Carthaginem
614 598 636 622 a
656 584 839 624 Romana
857 585 1043 622 Ecclesia
1070 575 1225 635 primos
1236 582 1448 635 Evangelii
1467 596 1679 636 praecones
1703 585 1909 636 accepisse
1926 589 2159 625 statuamus.

243 663 446 703 Fortassis
478 664 520 703 in
550 665 837 717 persecutione
866 662 1115 709 Neroniana,
1152 675 1276 713 quum
1304 662 1415 701 haud
1446 661 1567 700 dubie
1597 663 1714 702 multi
1743 663 1962 702 Christiani
1985 664 2160 704 Romani

243 742 343 796 fuga
374 743 545 782 salutem
582 746 844 795 quaererent,
890 745 932 781 et
963 742 1029 780 vix
1062 741 1200 781 locum
1236 742 1436 781 haberent
1463 742 1659 781 tutiorem
1699 741 1893 793 adituque
1930 743 2159 783 faciliorem

245 834 365 873 quam
399 821 727 874 Carthaginem&

422 901 462 940 2.
527 902 752 941 Romanam
791 905 902 941 certe
941 901 1141 940 Ecclesiae
1188 900 1395 940 Africanae
1440 900 1639 953 originem
1679 901 1888 954 complura
1927 901 2160 940 testimonia

244 980 457 1020 adstruere
491 981 691 1020 videntur.
763 981 880 1019 Hanc
909 981 1017 1019 enim
1046 980 1180 1019 innuit
1210 980 1371 1019 videtur
1401 982 1700 1032 antiquissimus
1736 982 1853 1019 testis
1885 979 2160 1019 Tertullianus

243 1061 331 1112 ipse
364 1060 467 1099 Afer
496 1062 538 1097 et
572 1058 917 1111 Carthaginiensis
952 1060 978 1098 l.
1006 1059 1057 1098 de
1087 1060 1330 1112 praescriptt.
1357 1060 1588 1099 haereticer.
1621 1059 1758 1107 aaa„
1798 1059 2018 1098 notissimis
2044 1059 2160 1098 hisce

244 1139 403 1178 verbis:
452 1152 666 1193 percurre
697 1140 922 1179 Ecclesias
951 1140 1252 1193 Apostolicas,
1298 1140 1420 1194 apud
1461 1153 1567 1193 quas
1612 1141 1719 1193 ipsoe
1755 1139 1902 1183 adhuc
1939 1138 2160 1179 cathedrae

245 1218 557 1273 Apostolorum
593 1219 686 1271 suis
724 1219 829 1258 locis
860 1220 1190 1273 praesidentur‚
1238 1218 1359 1272 apud
1397 1232 1503 1272 quas
1542 1220 1649 1272 ipsae
1689 1219 1956 1258 authenticae
1995 1219 2160 1258 litteroe

245 1310 396 1337 eorum
425 1297 700 1345 recitantur,
731 1302 942 1338 sonantes
972 1311 1118 1337 vocem
1144 1302 1188 1337 et
1215 1302 1590 1346 reproesentantes
1605 1298 1772 1349 faciem
1804 1297 2158 1350 uniuscujusque.

244 1375 450 1416 Proxima
480 1381 545 1415 e-st
575 1375 656 1416 tibi
685 1375 882 1429 Achaja?
913 1377 1041 1416 habes
1071 1376 1341 1417 Corinthum.
1400 1376 1455 1416 Si
1480 1389 1568 1416 non
1607 1377 1736 1429 longe
1759 1389 1804 1415 es
1834 1389 1860 1415 a
1883 1375 2160 1425 Macedonia,

243 1454 371 1495 habes
385 1455 808 1495 Thessalonicences.
867 1455 921 1495 Si
929 1462 1057 1509 potes
1075 1457 1120 1494 in
1135 1455 1285 1495 Asiam
1302 1455 1497 1502 tendere,
1514 1455 1887 1508 habesEplzesum.
1947 1454 2162 1495 Sz‘autem

244 1534 394 1573 Italiae
418 1533 646 1586 adjiceriS,
677 1534 804 1574 habes
826 1534 1096 1581 Romanam,
1134 1534 1251 1574 unde
1284 1534 1405 1574 nobis
1431 1546 1595 1587 quoque
1627 1534 1873 1573 auctoritas
1898 1539 2064 1587 proesto
2097 1541 2163 1575 est

244 1611 418 1661 (addunt
431 1612 636 1651 nonnulli:
668 1612 877 1661 statuta).
935 1612 997 1651 De
1008 1612 1189 1652 Romana
1203 1626 1326 1665 porro
1338 1611 1549 1650 Ecclesia:
1578 1612 1802 1651 videamus
1819 1612 1924 1665 quid
1944 1613 2161 1661 didicerit,

245 1691 351 1745 quid
385 1691 618 1738 docuerit,
663 1691 768 1744 quid
801 1704 899 1730 cum
935 1692 1168 1743 Africanis
1207 1704 1371 1745 quoque
1414 1690 1607 1729 ecclesiis
1648 1689 2007 1738 contesserarit3‚
2052 1692 2163 1742 (quae

245 1769 411 1821 quidem
439 1769 599 1822 phrasis
628 1770 853 1820 explicatur
883 1781 919 1807 c.
938 1768 1021 1816 20„
1059 1770 1131 1808 ubi
1164 1770 1215 1808 de
1240 1771 1522 1809 ecclesiarum
1543 1769 1897 1822 Apostolicarum
1927 1772 2164 1809 communi-

244 1850 417 1890 catione
448 1849 585 1902 pacis,
625 1848 926 1901 appellatione
943 1849 1263 1899 fraternitatis
1290 1852 1335 1886 et
1364 1847 1736 1886 contesseratione
1753 1847 2161 1897 (communicatione)

243 1927 561 1982 hospitalitatis
591 1937 726 1964 sermo
758 1925 853 1974 est),
911 1925 1076 1964 Lab-ens
1102 1925 1268 1977 quidem
1295 1925 1493 1976 Basnagio
1529 1927 1670 1963 contra
1697 1924 1916 1964 Baronium
1945 1925 2165 1978 disputanti

244 2006 398 2054 dabo&
444 2018 494 2044 ex
522 2004 640 2043 hisce
671 2004 807 2043 verbis
833 2004 944 2044 haud
975 2005 1070 2043 elici
1098 2017 1219 2057 posse
1246 2004 1503 2043 luculentum
1534 2002 1780 2042 Tertuiiiani
1807 2003 2085 2044 testimonium
2111 2005 2165 2044 de

244 2085 427 2124 Romana
442 2083 630 2123 Ecclesia
652 2083 770 2122 fonte
786 2083 986 2122 Ecclesiae
997 2083 1217 2132 Africanae,
1248 2083 1340 2134 quia
1361 2083 1531 2122 verbum
1555 2088 1856 2122 contesserare
1872 2095 1894 2120 a
1909 2081 2162 2123 Tertulliano

243 2164 470 2203 adhibitum
493 2162 835 2214 conspirationem
858 2166 1014 2202 tantum
1036 2162 1233 2202 doctrinae
1253 2165 1295 2201 et
1306 2162 1641 2215 ‘conjunctionem
1664 2160 1971 2200 familiariorem
1998 2161 2163 2209 indicat,

246 2255 335 2294 quae
365 2243 479 2294 quasi
507 2253 583 2294 per
604 2244 823 2290 tesseram,
852 2242 1015 2294 signnm
1041 2242 1262 2294 hospitale,
1299 2241 1444 2281 fiebat:
1491 2245 1533 2281 at
1563 2240 1751 2280 intimum
1781 2244 1917 2280 tamen
1948 2242 2163 2292 utriusque

291 2427 308 2455 ²
333 2428 443 2462 Hanc
454 2427 631 2462 Morcelli
651 2427 887 2474 ingeniosam
909 2429 1180 2473 conjecturam,
1332 2429 1503 2464 docuerit.
1558 2429 1645 2463 Cam
1666 2428 1853 2472 Africanis
1882 2440 2017 2473 quoquc
2047 2430 2160 2464 ecclc-

341 2498 480 2531 Africae
501 2496 727 2532 Christianae
750 2498 833 2535 Vol.
850 2499 880 2533 I.
905 2511 941 2544 p.
967 2500 1025 2535 42.
1046 2499 1181 2534 lubens
1329 2500 1392 2534 siis
1413 2502 1648 2534 contestatur.

347 2568 568 2612 amplector.

291 2637 308 2664 3
333 2637 396 2673 Sic
415 2637 588 2672 Editores
609 2637 853 2683 antiquiores,
879 2638 1074 2675 semlerus
1088 2650 1180 2674 vcro
1274 2641 1292 2668 4
1317 2639 1615 2674 Exercitationes
1645 2639 1879 2675 BatonIanae.
1907 2650 1944 2682 P.
1962 2636 2041 2672 520.
2055 2647 2157 2682 sequ.

337 2708 453 2743 habet
475 2721 483 2741 =
536 2708 727 2743 Videamus
765 2710 851 2753 qaid
888 2711 1020 2745 dixerit
1044 2735 1055 2750 ‚
1093 2710 1180 2754 qaid
