2341 3340
1001 112 1103 160 249

282 257 350 297 21.
407 255 508 296 Item
526 253 693 296 Saturus
721 255 764 294 in
791 253 869 294 alia
889 256 1005 306 porta
1022 252 1193 292 militem
1207 249 1434 292 Pudentem
1444 249 1498 278 198
1519 249 1817 300 exhortabatur,
1845 249 2008 291 dicensz·

104 333 323 383 adsum199,
351 335 495 387 inquit,
524 338 648 382 certe,
677 333 782 372 sicut
808 331 1046 384 praesumpsi
1075 335 1117 371 et
1142 330 1331 383 praedixi3
1366 331 1517 371 nullam
1534 343 1664 383 usque
1684 329 1816 369 adhuc
1834 329 2008 369 bestiam

104 415 225 455 sensi.
282 414 336 453 Et
354 426 461 453 nunc
478 413 530 453 de
545 417 632 452 toto
654 414 778 453 corde
801 411 955 451 credas.
1010 409 1121 450 Ecce
1140 408 1294 462 prodeo
1314 410 1400 458 illo,
1423 413 1465 449 et
1487 410 1536 449 ab
1558 421 1638 449 uno
1666 421 1803 449 morsu
1824 406 2008 460 leopardi

105 503 334 533 consumor.
405 492 462 531 Et
491 491 626 531 statim
654 490 696 530 in
728 491 810 530 fine
844 489 1065 543 spectaculi
1100 486 1294 541 leopardo
1327 487 1487 539 ejecto,
1535 489 1587 528 de
1618 500 1699 527 uno
1731 490 2009 528 morsutanto

104 571 296 623 perfusus
325 574 388 609 est
412 569 621 622 sanguine,
651 574 697 610 ut
727 570 901 622 populus
931 567 1153 608 revertenti
1180 566 1239 605 illi
1266 565 1437 606 secundi
1462 566 1710 618 baptismatis
1731 564 2009 606 testimonium

102 649 402 690 reclamaverit:
442 644 791 697 Salvum‘lotum,
836 648 988 687 salvum
1023 647 1151 686 lotum
1163 643 1229 683 ²⁰⁰.
1303 643 1429 684 Plane
1456 645 1598 695 utique
1627 644 1756 683 salvus
1791 648 1901 693 erat,
1939 641 2024 694 qui.

101 727 183 767 hoc
212 726 336 767 modo
366 723 587 767 laverat201.
645 726 764 766 Tunc
791 725 969 766 Pudenti
999 724 1141 771 militi,
1181 721 1303 771 Vale,
1342 722 1495 774 inquit,
1534 725 1576 761 et
1609 733 1766 760 memor
1792 725 1880 761 esto
1909 719 2008 760 fidei

101 817 228 854 mcae3
260 809 303 845 et
330 805 421 845 haec
449 809 491 845 te
513 817 596 844 nou
625 805 880 852 conturbent,
908 802 983 843 sed
998 802 1252 842 confirment.

102 884 191 937 ejus
224 885 354 937 petiit,
393 887 435 923 et
464 884 620 922 vulneri
650 895 723 922 suo
751 895 930 922 mersum
959 880 1140 921 reddidit
1170 880 1230 929 ei,
1268 880 1538 920 hereditatem
1568 879 1749 932 pignoris
1774 878 2011 929 relinquens

1310 800 1520 852 Simulque
1539 801 1730 840 annulum
1739 798 1793 827 ²⁰²
1809 799 1861 839 de
1881 798 2009 850 digito

102 961 249 1011 illi203,
288 965 331 1002 et
356 961 593 1001 memoriam
624 961 842 1013 sanguinis.
910 959 1070 999 Exinde
1095 959 1182 1011 jam
1213 960 1407 998 exanimis
1437 959 1706 1011 prosternitur
1737 970 1830 996 cum
1862 953 2010 995 ceteris

102 1041 152 1081 ad
173 1041 470 1093 jugulationem
502 1039 622 1080 solito
653 1039 745 1079 loco
758 1036 825 1078 ²⁰4.
897 1038 951 1078 Et
987 1050 1078 1077 cum
1117 1036 1291 1089 populus
1327 1036 1419 1076 illos
1454 1037 1494 1076 in
1534 1037 1669 1076 medio
1708 1030 2010 1088 postularet205,

102 1121 148 1158 ut
171 1118 303 1171 gladio
334 1118 563 1171 penetranti
592 1119 635 1158 in
659 1130 811 1158 eorum·
832 1129 1004 1169 corpore
1028 1115 1169 1156 oculos
1195 1127 1289 1154 suos
1321 1116 1490 1155 comites
1517 1114 1727 1156 homicidii
1755 1114 2010 1167 adjungeret,

101 1196 210 1237 ultro
242 1200 524 1246 surrexerunt,
564 1201 606 1236 et
636 1209 681 1237 se
709 1209 788 1249 quo
820 1196 981 1236 volebat
1014 1194 1189 1248 populus
1224 1195 1540 1234 transtulerunt:

126 1380 179 1409 198
202 1381 384 1416 Pudentis
411 1392 547 1415 nomen
574 1379 798 1416 Holstenius
830 1378 935 1413 haud
966 1389 1031 1412 ex-

195 1450 338 1494 primit.
394 1450 544 1485 Pudens
571 1449 723 1496 Martyr
748 1449 887 1483 colitur
905 1448 929 1482 ὃ
948 1448 1031 1481 Kal.

193 1519 290 1563 Maji
319 1519 356 1554 in
383 1523 533 1553 vetusto
566 1518 795 1553 Kalendario
824 1518 1032 1564 Karthagi-
1079 1532 1081 1535 ¹

194 1589 338 1631 niensig
366 1599 412 1623 an
433 1588 534 1622 iste?
562 1589 659 1623 alius
683 1587 784 1622 enim
807 1590 863 1622 est
882 1587 1031 1622 Pudens

194 1658 375 1700 Senator,
414 1657 460 1691 dc
490 1669 562 1701 que
581 1657 721 1693 Paulus
741 1658 764 1692 2
792 1657 839 1692 ad
863 1657 1034 1692 Timoth.

196 1728 259 1762 IV.
280 1727 336 1762 21.
363 1730 401 1762 et
422 1726 572 1761 Pudens
595 1727 747 1772 Martyr
758 1727 1034 1762 Alexandrinus

197 1796 243 1831 de
269 1788 342 1842 quo
363 1796 605 1832 Bollandiani
630 1797 703 1832 hac
725 1796 785 1832 dic
810 1800 940 1843 agunt.
984 1797 1032 1832 R.

126 1886 179 1915 199
203 1889 260 1924 Ad
291 1901 464 1924 summum
489 1889 722 1926 Holstenius‚
769 1888 903 1925 Nescio
935 1889 1033 1925 cur?

198 1959 324 1992 adsum
352 1958 467 1993 habet
502 1959 550 1993 R.

127 2050 181 2079 200
204 2049 437 2084 Acclamatio
459 2049 591 2094 populi
604 2051 818 2095 petulanter
837 2051 1031 2087 illudentis

200 2117 425 2153 Christianis
464 2118 590 2153 sacris.
647 2120 745 2155 Cum
781 2120 882 2155 enim
913 2121 1030 2167 vulgo

187 2191 333 2223 ,notum
362 2190 477 2229 esset,
526 2187 761 2224 Christianos
802 2190 1031 2233 existimare,

197 2257 320 2293 salvos
357 2255 442 2291 fieri
485 2256 656 2291 homines
690 2271 759 2303 per
787 2260 1031 2305 baptismum,

197 2327 358 2372 populus
383 2338 401 2359 e
422 2325 570 2360 theatro
589 2316 760 2372 spectans
773 2329 1032 2365 Christianum

198 2395 379 2441 sanguine
408 2391 625 2439 perfusum,
651 2398 802 2433 salvum
829 2410 916 2434 cum
945 2410 1032 2443 pro-

198 2464 400 2505 clamabat,
414 2464 539 2508 quisic
553 2466 653 2500 lotus
670 2471 778 2502 esset.
796 2468 846 2502 H.
867 2467 1034 2512 Paralip.

126 2558 178 2588 2⁰1
193 2557 389 2602 Baptismo
402 2555 582 2591 nimirum
593 2557 798 2604 sanguinis,
812 2570 924 2604 quem
938 2559 1034 2594 tanti

197 2626 394 2667 faciebant>
420 2629 566 2660 veteres
602 2626 821 2663 ChristIaui.
869 2629 923 2664 Ili
943 2640 1033 2664 vcro

264 2765 428 2799 Miinteri
451 2765 655 2800 Prz'mordz'a
683 2766 851 2802 Ecclesiae
878 2768 1072 2810 Africanoe.

1601 1196 1695 1232 ante
1721 1192 1809 1244 jam
1840 1190 2010 1232 osculati

1168 1377 1252 1421 jam
1306 1380 1391 1414 ante
1436 1378 1772 1414 incarcerationem
1827 1377 2010 1423 baptizati

1173 1451 1290 1482 erant.

1102 1539 1157 1568 202
1181 1541 1364 1576 Anszdam.
1439 1540 1487 1574 R.

1107 1631 1162 1660 203
1184 1631 1276 1666 Cod.
1298 1631 1438 1667 Salisln
1481 1632 1655 1668 Reddidit
1681 1632 1715 1668 ei
1733 1632 1878 1668 beatam
1896 1632 2010 1670 luere-

1175 1702 1338 1744 ditatcm,
1365 1702 1569 1748 relinquens
1598 1703 1633 1738 ei
1653 1703 1794 1749 pignus
1821 1709 1858 1739 et
1880 1715 2009 1740 memo-

1175 1773 1268 1807 riam
1300 1773 1399 1807 tanti
1420 1773 1614 1819 sanguinis
1661 1772 1709 1807 R.

1103 1864 1158 1894 204
1181 1865 1398 1911 Spoliarz’am
1418 1865 1614 1912 intelligit,
1632 1865 1700 1900 ubi
1714 1864 2011 1900 conficiebantur

1174 1946 1268 1979 quos
1294 1946 1410 1971 arena
1445 1935 1651 1971 semivivos
1687 1934 1905 1979 reliquerat;
1952 1935 2011 1968 De

1175 2004 1249 2040 hoc
1282 2004 1425 2040 Seneca
1461 2004 1581 2050 Epist.
1610 2004 1667 2039 94.

1175 2085 1277 2118 quem
1300 2078 1377 2108 tam
1403 2075 1514 2109 stulte
1543 2075 1710 2119 cupidum
1738 2086 1813 2109 esse
1835 2075 1919 2108 vitae
1937 2085 2009 2119 pu-

1728 2004 1769 2039 N
1768 2005 1913 2050 nmquid
1939 2004 2010 2039 ali-

1174 2147 1257 2184 tas,
1304 2149 1346 2178 ut
1365 2143 1546 2189 jugulari
1578 2144 1616 2178 in
1647 2144 1815 2189 spoliario
1839 2155 1947 2188 quam
1971 2143 2010 2178 iu

1175 2225 1290 2248 arena
1327 2212 1469 2248 malit?
1523 2211 1582 2247 Ita
1618 2216 1769 2248 mortuo
1800 2195 2008 2248 Commodo

1931 2283 2008 2318 Ho-

1173 2353 1238 2387 stis
1254 2353 1398 2397 patriae,
1432 2353 1634 2397 parricida,
1659 2352 1849 2398 gladiator
1870 2353 1908 2388 in
1927 2363 2008 2399 spo-

1174 2284 1423 2318 acclamatum
1455 2282 1590 2317 scribit
1618 2282 1884 2327 Lampridius:

1176 2421 1281 2455 liat-lo
1305 2422 1493 2457 laniatus!
1552 2423 1604 2456 H.

1104 2512 1159 2542 205
1184 2513 1408 2549 Postulandi
1435 2525 1508 2549 vox
1527 2514 1814 2560 Amphitheatri
1843 2514 2006 2560 propria.

1173 2582 1275 2617 Hinc
1351 2583 1634 2627 depostulatores

1175 2651 1337 2687 Tertull.
1370 2651 1529 2699 Apolog.
1561 2665 1591 2688 c.
1613 2653 1669 2689 35.

1712 2585 2004 2620 Christianorum.

1698 2768 1744 2803 32
