2341 3340
1046 117 1110 160 63

836 251 887 305 c
907 248 964 304 Α
984 250 1054 307 P.
1107 236 1193 306 “x
1213 252 1246 307 1
1264 253 1317 310 1.

794 345 1082 388 REDITUS
1151 349 1356 391 OLERI.

118 521 158 560 1.
216 496 400 566 Omnes
435 520 562 559 hosce
596 517 806 570 religionis
842 518 1048 558 ministros
1078 519 1264 559 Ecclesia
1297 519 1489 562 Africana
1521 536 1544 563 e
1575 525 1773 566 reditibus
1804 529 1888 568 suis
1917 531 2028 582 aluit,

116 601 187 650 qui
215 601 337 651 igitur
361 601 530 639 ineunte
561 597 698 636 seculo
731 596 781 635 ΙΙ.
812 596 923 636 haud
958 598 1016 636 ita
1047 598 1183 650 exigui
1211 599 1390 640 fuerunt.
1448 602 1549 651 Quae
1580 603 1657 641 hac
1685 604 1736 643 de
1767 619 1813 645 re
1845 620 1895 647 ex
1925 609 2027 649 Ter-

114 678 280 717 tulliano
309 680 429 728 atque
462 675 676 727 Cypriano,
706 676 821 727 cujus
849 676 1081 714 testimonio
1110 676 1205 716 heic
1235 691 1395 729 quoque
1427 680 1488 718 uti
1509 680 1680 731 juvabit,
1715 695 1836 732 quum
1854 687 2027 737 plurima

113 754 201 806 ejus
229 757 347 793 aetate
381 758 561 793 veterem
591 756 847 797 servaverint
865 755 1051 802 formam,
1092 755 1229 807 colligi
1260 760 1463 807 poterunt,
1497 759 1576 797 huc
1611 759 1700 798 fere
1727 762 1913 802 redeunt.

291 832 636 885 Carthaginiensis
686 833 914 885 Episcopus
963 833 1148 884 praecipit
1196 846 1249 884 ex
1285 834 1492 880 ⁴institutis
1529 836 1692 877 Veteris
1746 838 2023 881 Testamenti:

114 913 304 954 clericos
333 918 385 951 ut
404 913 583 963 fratres
612 913 933 965 sportulantes,
967 918 1173 965 tanquam
1206 912 1394 953 decimas
1423 928 1477 953 est·
1493 916 1718 966 fructibus
1746 919 2021 972 accipientes,

109 991 160 1030 ab
199 991 339 1030 altari
365 995 409 1029 et
444 991 657 1043 sacrificio
687 990 806 1029 haud
832 990 1053 1036 recedere,
1097 990 1175 1028 sed
1197 990 1266 1029 die
1295 1004 1348 1030 ac
1380 998 1506 1032 nocte
1532 994 1787 1034 coelestibus
1821 996 1945 1037 rebus
1977 1004 2021 1038 et

106 1068 408 1122 spiritualibus
444 1071 611 1108 servire
653 1068 827 1114 debere,
877 1064 1026 1119 (Epist.
1055 1062 1147 1118 1.);
1202 1081 1320 1119 quam
1362 1071 1413 1109 ob
1463 1083 1552 1110 rem
1594 1071 1710 1110 valde
1749 1074 2020 1124 reprehendit

104 1146 271 1184 abusum
327 1146 442 1185 brevi
493 1150 584 1185 ante
630 1145 847 1185 Decianam
891 1146 1219 1196 persecutionem
1265 1148 1349 1186 sive
1397 1151 1528 1187 ortum
1572 1150 1656 1187 sive
1692 1151 2016 1203 manifestatum,

104 1225 348 1278 Episcopos
385 1226 602 1279 plurimos
626 1254 636 1265 .
660 1255 671 1265 .
700 1255 711 1264 .
739 1255 748 1264 .
788 1228 1102 1277 procuratores
1137 1237 1287 1263 rerum
1333 1228 1595 1266 secularium
1621 1229 1763 1280 fieri,
1804 1229 2016 1272 derelicta

104 1302 313 1342 cathedra
333 1331 346 1349 ,
392 1304 513 1356 plebe
552 1303 726 1342 deserta
745 1330 758 1348 ‚
800 1315 882 1354 per
922 1301 1091 1340 alienas
1116 1303 1373 1351 provincias
1413 1304 1667 1344 oberrantes
1703 1309 2017 1358 negotiationis

102 1385 364 1432 quoestuosae
409 1381 630 1420 nundinas
671 1380 914 1433 aucupari,
961 1379 1250 1418 esurientibus
1296 1381 1342 1419 in
1389 1383 1569 1421 ecclesia
1596 1384 1825 1434 fratribus
1859 1386 2016 1427 habere

105 1463 341 1510 argentum
372 1460 560 1511 largiter
597 1459 726 1505 velle,
761 1457 934 1509 fundos
966 1457 1184 1496 insidiosis
1201 1458 1448 1508 fraudibus
1479 1472 1650 1512 rapere,
1692 1464 1837 1502 usuris
1866 1466 2014 1505 multi-

95 1537 362 1590 plicantibus
383 1539 550 1587 foenus
591 1550 780 1588 augere,
820 1532 894 1587 (de
923 1534 1043 1585 lapsis
1074 1547 1114 1585 p.
1143 1530 1259 1586 123.)
1317 1534 1522 1586 Improbat
1549 1540 1748 1587 praeterea
1780 1539 2012 1582 Geminium

96 1613 306 1660 Faustum,
340 1614 447 1663 quod
477 1613 709 1652 Geminium
738 1613 975 1652 Faustinum
999 1611 1302 1664 Presbyterum,
1335 1614 1403 1665 qui
1433 1614 1577 1665 procul
1607 1614 1730 1655 dubio
1761 1617 1896 1658 affinis
1923 1620 2010 1673 ejus

98 1694 198 1738 erat,
231 1696 490 1731 testamento
522 1704 598 1730 suo
634 1697 826 1730 tutorem
855 1689 1163 1729 nominassecl.

141 1849 158 1876 1
182 1848 301 1892 Epist.
314 1849 345 1881 1.
394 1848 502 1881 Idem
521 1847 584 1880 hic
606 1847 804 1881 Geminius
826 1848 1027 1882 Faustinus
1171 1849 1352 1892 cuiquam
1392 1851 1508 1885 vellet
1534 1852 1748 1896 imponere,
1786 1855 1900 1900 idque
1933 1858 2004 1893 sub

186 1917 407 1951 interfuisse
436 1916 589 1950 videtur
627 1917 796 1950 Concilio
831 1917 1026 1962 Cypriani,
1168 1918 1297 1962 poenis
1311 1919 1449 1952 iisdem
1471 1921 1675 1955 canonibus
1695 1924 1889 1958 contentis.
1919 1926 2004 1961 Hoc

183 1986 224 2020 iu
247 1986 354 2029 cujus
377 1986 470 2025 actis
493 1985 689 2020 Geminius
714 1986 944 2020 Furnitanus
968 1987 1025 2020 le·
1167 1999 1258 2022 vero
1293 1999 1432 2022 canone
1462 2000 1535 2023 non
1570 1991 1727 2025 Clericis
1762 1992 2003 2030 interdictam

181 2055 298 2101 gitur.
355 2057 413 2090 Ad
456 2056 639 2101 Cypriani
674 2056 782 2090 illam
824 2055 1023 2099 epistolam
1166 2057 1282 2091 fuisse
1295 2058 1571 2101 susceptionem
1585 2061 1798 2101 tutelae,sed
1809 2062 2002 2105 patribus-

1163 2127 1332 2161 familias
1353 2127 1605 2172 prohibitum‚
1619 2140 1664 2162 ne
1677 2129 1843 2164 Clericos
1857 2135 2000 2167 tutores

181 2125 217 2159 J.
230 2125 357 2158 Fellus
378 2125 600 2175 Oxoniensis
619 2126 827 2170 Episcopus
860 2125 1019 2167 notavit,

182 2183 343 2229 tutelam
365 2195 622 2239 pupillorum,
657 2207 702 2229 ex
728 2195 816 2236 jure
844 2195 1016 2228 Romano

181 2274 250 2307 pro
291 2275 447 2297 munere
489 2264 642 2307 publico
679 2264 852 2298 habitam
871 2290 883 2306 ,
922 2274 1017 2298 onus

181 2331 321 2372 fuisse,
347 2343 368 2365 a
398 2343 470 2375 quo
488 2330 647 2366 ‘nonnisi
668 2345 712 2367 ex
733 2333 845 2367 certis
866 2332 1015 2378 gravis-

181 2400 286 2434 simis
333 2401 453 2434 causis
474 2427 485 2443 ,
532 2402 653 2446 iisque
692 2404 777 2448 lege
825 2402 1013 2444 definitis,

179 2469 370 2503 excusatio
395 2471 678 2506 concedebatur.
706 2472 866 2505 Instit.I.
883 2471 938 2505 tit.
954 2471 1012 2506 25.

178 2539 311 2582 Itaque
336 2539 501 2580 conjicit,
528 2541 762 2575 Christianos
779 2545 911 2575 mutuo
923 2553 1011 2575 con-

179 2619 289 2643 sensu
319 2611 354 2640 et
375 2608 415 2640 vi
440 2619 623 2642 canonum
651 2610 751 2643 inter
782 2622 820 2643 se
853 2610 1008 2653 cavisse,

176 2689 223 2712 ne
243 2676 480 2711 Christianus
500 2677 637 2722 aliquis
649 2678 689 2712 id
702 2679 823 2714 oneris
837 2680 883 2714 dc
897 2680 1007 2714 ctero

1159 2196 1408 2237 nominarent,
1421 2197 1634 2239 Cramer-us,
1658 2198 1879 2233 Antecessor
1891 2201 1997 2236 Kilo-

1157 2264 1311 2306 niensis,
1326 2276 1386 2298 me
1397 2277 1463 2310 per
1477 2266 1606 2300 literas
1622 2267 1757 2302 docuit.
1808 2269 1892 2313 Quo
1912 2270 1996 2314 qui-

1157 2334 1244 2367 dem
1259 2345 1409 2375 canone,
1430 2347 1545 2378 quum
1559 2337 1694 2370 tutoris
1711 2337 1812 2371 datio
1828 2338 1865 2372 in
1880 2342 1994 2374 testa-

1154 2408 1281 2437 mento
1295 2404 1414 2446 sitjus
1425 2405 1725 2448 patrisfamilias,
1739 2407 1887 2441 nullum
1901 2420 1992 2443 vero

1154 2473 1325 2507 officium
1339 2473 1409 2515 illi,
1433 2473 1496 2517 qui
1509 2474 1738 2517 nominatur,
1757 2475 1991 2520 incumbens,

1151 2542 1255 2587 leges
1279 2541 1437 2586 publicae
1450 2542 1553 2576 haud
1568 2543 1819 2580 violabantur.
1845 2547 1987 2581 Eodem

1149 2611 1261 2645 modo
1294 2611 1334 2644 in
1366 2611 1441 2644 alio
1466 2612 1633 2646 Concilio
1660 2614 1759 2656 apud
1780 2615 1988 2649 Justellum

1149 2680 1238 2714 Cod.
1270 2680 1358 2713 Can.
1392 2679 1568 2716 Ecclesiae
1599 2681 1786 2717 Africanae
1820 2694 1900 2718 can.
1927 2684 1983 2719 35.
