2341 3340
1035 105 1129 149 161

307 248 347 287 4.
432 246 609 286 Ultimus
656 246 697 284 in
743 243 908 296 Synodo
950 243 1190 283 sententiam
1247 243 1349 283 dixit
1390 244 1576 295 manses,
1630 250 1675 286 ut
1719 246 1943 299 Cyprianus
1985 247 2029 288 in

129 320 463 377 Carthaginiensi.
534 325 749 363 Decretum
785 326 918 361 autem
949 323 990 360 in
1017 322 1094 359 hac
1120 321 1302 372 s5110d0‚
1349 336 1451 362 anno
1480 324 1562 362 252
1593 329 1751 374 coacta,
1798 327 1863 365 his
1894 327 2029 366 verbis

128 415 363 455 expressum
393 404 567 455 legitur:
631 403 802 442 Placuit
839 402 979 448 nobis,
1024 400 1196 454 Spiritu
1231 400 1393 440 Sancto
1429 409 1720 455 suggerente,
1763 412 1805 444 et
1841 408 2028 448 Domino

120 495 205 535 per
255 484 440 522 visiones
498 482 659 520 multas
708 485 753 520 et
798 481 1056 531 manifestas
1103 478 1375 518 admonente.
1462 479 1620 519 Mutata
1667 494 1764 533 ergo
1813 484 2026 524 intervallo

122 561 316 612 temporis
350 560 456 597 inter
486 557 782 596 Tertullianum
811 561 852 596 et
880 557 1124 609 Cyprianum
1155 556 1280 607 elapsi
1308 556 1389 594 fuit
1420 559 1618 596 sententia
1648 559 1697 597 (le
1732 561 1932 610 conciliis,
1967 562 2024 602 ita

121 641 167 677 ut
195 651 261 686 ea,
300 650 388 688 quae
419 637 534 675 initio
561 648 634 688 pro
671 649 783 675 mere
811 636 999 675 humanis
1041 636 1289 674 haberentur
1323 635 1540 682 institutis,
1581 635 1753 676 divinam
1783 652 1875 678 mox
1907 643 2022 682 nacta

118 717 200 755 sint
228 716 546 754 auctoritatem·
585 714 729 765 Neque
766 728 789 754 a
823 713 1012 766 Cypriani
1041 714 1137 752 inde
1167 717 1285 752 aetate
1319 714 1407 751 aliis
1438 725 1555 763 quam
1584 715 1806 765 episcopis,
1841 721 1881 755 et
1911 718 2020 759 forte

115 793 363 845 presbyteris
383 791 444 841 ¹⁰,
493 793 594 832 nulli
638 806 734 832 vero
777 793 973 840 diacono,
1024 792 1205 843 nullique
1255 794 1367 831 certe
1408 792 1511 831 laico
1561 793 1802 832 sententiam
1857 794 2021 837 dicendi

115 872 231 912 venia
260 872 570 912 concedebatur.

291 950 333 990 5.
404 951 584 991 Concilia
616 948 994 1002 ante'Cyprianum
1030 953 1124 1002 post
1165 949 1377 1002 Agrippini
1418 951 1519 990 illud
1566 951 1607 990 in
1641 951 1779 992 Africa
1818 954 2020 997 celebrata

112 1031 208 1069 sunt
237 1030 468 1080 sequentia:

290 1103 336 1159 1)
381 1108 607 1148 Concilium
637 1109 688 1148 de
729 1121 809 1161 quo
845 1109 1026 1160 loquitur
1066 1107 1410 1159 Carthaginiensis
1444 1108 1514 1147 hic
1549 1109 1728 1149 Antistes
1767 1113 1937 1164 epistola
1969 1115 2015 1154 1:

109 1188 206 1228 Jam
241 1187 412 1241 pridem
460 1188 506 1227 in
555 1189 734 1228 concilio
784 1190 1081 1242 episcoporum
1128 1192 1374 1232 statatum,
1430 1201 1484 1226 ne
1530 1190 1621 1240 qnis
1661 1190 1713 1228 de
1759 1192 1928 1232 clericis
1971 1199 2014 1234 et

109 1266 322 1305 ministris
349 1266 437 1305 Dei
464 1271 655 1305 tutorem
680 1264 758 1306 ‘vel
785 1271 1030 1305 curatorem
1053 1269 1315 1303 testamento
1344 1277 1420 1302 sao
1451 1265 1750 1306 constitaatll.
1807 1266 1862 1305 Et
1889 1268 2013 1309 infra:

111 1344 233 1395 Quod
284 1344 476 1397 episcopi
529 1347 822 1384 antecessores
876 1343 1023 1382 nostri
1071 1342 1275 1393 religiose
1319 1335 1648 1384 considerantes
1694 1349 1739 1385 et
1783 1348 2016 1389 salubriter

102 1423 385 1476 providentes
431 1426 692 1462 censuerunt
710 1450 723 1469 ,
786 1435 841 1462 ne
884 1421 978 1475 quis
1008 1422 1166 1472 frater
1202 1419 1412 1459 excedens
1448 1421 1508 1460 ad
1545 1423 1728 1462 tutelam
1768 1425 1837 1464 vel
1868 1439 2015 1467 curam

105 1502 309 1540 clericum
328 1500 589 1547 nominaret,
624 1514 688 1548 ac,
713 1503 755 1541 si
774 1502 865 1554 quis
887 1501 966 1540 hoc
983 1501 1184 1552 fecisset,
1213 1512 1301 1538 non
1324 1499 1558 1553 offerretur
1570 1513 1654 1553 pro
1677 1514 1740 1548 eo,
1773 1515 1852 1542 nec
1879 1506 2014 1544 saeri-

93 1580 244 1631 ficinm
279 1591 361 1631 pro
397 1578 658 1619 dormitione
689 1580 782 1632 ejas
813 1578 1118 1618 celebraretur.
1192 1577 1283 1627 Quo
1316 1576 1480 1627 quidem
1520 1576 1689 1617 decreto
1728 1586 1869 1621 contra
1900 1581 2013 1634 leges

102 1657 303 1696 Romanas
333 1660 465 1695 actum
491 1656 582 1704 fuit,
619 1657 661 1696 in
686 1657 830 1707 quibus
859 1656 985 1695 tutela
1013 1655 1258 1707 pupillorum
1287 1667 1360 1706 pro
1389 1668 1556 1694 munere
1581 1657 1742 1708 publico
1773 1659 2012 1710 habebatur,

101 1748 127 1774 a
153 1748 233 1786 quo
263 1747 389 1774 onere
419 1747 498 1773 non
530 1734 607 1773 nisi
641 1747 691 1773 ex
722 1735 844 1773 certis
873 1735 1003 1785 iisque
1030 1734 1273 1786 gravissimis
1307 1733 1435 1772 causis
1465 1733 1556 1786 lege
1588 1734 1766 1775 definitis
1805 1739 2010 1779 excusatio

100 1813 399 1852 concedebatur
415 1811 461 1850 ¹2.
546 1811 735 1851 Attamen
770 1813 942 1863 repetita
988 1812 1067 1850 fuit
1107 1812 1174 1850 lex
1220 1812 1496 1850 ecclesiastica
1544 1825 1567 1850 a
1593 1803 1836 1864 Cypriam,
1886 1828 2010 1866 quum

99 1891 309 1931 Geminius
342 1890 503 1939 quidam
532 1889 675 1930 Victor
710 1890 941 1930 Geminium
973 1890 1167 1930 Faustum
1200 1889 1505 1942 presbyterum,
1548 1889 1657 1929 haud
1690 1891 1812 1932 dubie
1841 1893 2009 1936 fratrem

98 1974 168 2010 aut
205 1969 425 2021 gentilem,
468 1970 510 2009 in
550 1969 710 2008 civitate
747 1968 969 2009 Furnitana
1010 1969 1165 2009 Africae
1211 1968 1507 2020 proconsularis
1552 1971 1728 2008 tutorem
1765 1974 2008 2014 testamento

99 2059 173 2087 suo
226 2047 485 2087 nominasset.
572 2048 705 2100 Hujus
759 2059 921 2099 quoque
983 2048 1145 2086 concilii
1204 2049 1454 2087 mentionem
1508 2047 1606 2086 facit
1650 2048 1899 2101 Augustinus
1954 2051 2006 2092 de

98 2126 205 2177 bapt.
234 2124 303 2165 IV.
331 2125 371 2164 6.
430 2126 519 2176 Quo
547 2126 639 2165 loco
676 2128 719 2164 et
747 2138 825 2177 quo
861 2129 1046 2177 tempore
1089 2126 1273 2165 habitum
1309 2126 1457 2175 fucrit,
1497 2126 1606 2164 haud
1637 2130 1806 2166 constat.
1872 2129 2005 2179 Quum

98 2203 457 2255 vei-onyprianus
488 2205 677 2255 loquatur
708 2204 760 2243 de
794 2205 1003 2258 episcopis
1035 2204 1349 2251 decessoribus,
1390 2204 1434 2242 iu
1461 2203 1600 2242 Africa
1628 2206 1924 2255 proconsulari,
1963 2210 2006 2248 et

119 2358 156 2386 10
178 2358 234 2392 Dc
255 2357 423 2392 Concilio
447 2370 469 2392 a
487 2359 676 2404 Cypriano
696 2359 734 2394 in
753 2359 956 2404 quaestione
978 2360 1024 2393 de
1165 2371 1254 2399 mus,
1284 2363 1326 2392 ut
1350 2359 1481 2393 scires.-
1510 2360 1668 2402 ejusdem
1696 2362 1858 2407 epistolae
1885 2374 2001 2398 exem-

190 2427 378 2472 buptismo
403 2427 669 2463 haereticorum
691 2429 823 2463 habito
844 2429 891 2463 ad
905 2429 1024 2474 Quin·
1167 2429 1268 2473 plum
1300 2429 1366 2462 tibi
1388 2429 1477 2462 misi.

191 2500 275 2531 tum
296 2508 352 2541 cp.
371 2496 427 2530 71.
448 2496 500 2530 sic
519 2497 671 2532 scribit:
711 2511 783 2543 qua
804 2499 848 2533 de
876 2511 915 2533 re
939 2499 1026 2544 quid
1094 2519 1129 2548 Π
1154 2520 1248 2554 Vide
1287 2520 1392 2554 CAR
1425 2521 1511 2555 ΧΠ.

188 2578 302 2611 nuper
333 2567 369 2599 in
392 2567 537 2600 concilio
557 2568 706 2611 plurimi
733 2569 927 2613 coepiscopi
947 2580 1026 2601 cum

188 2636 496 2681 compresbyteris,
538 2636 600 2679 qui
629 2636 807 2677 aderant,
844 2637 1024 2672 censueri-
1094 2611 1132 2640 12
1156 2612 1386 2648 Instimfion‘
1416 2613 1458 2648 Β·
1477 2613 1507 2648 I'
1537 2613 1615 2648 Tit*
1636 2613 1693 2649 25·

256 2752 421 2787 Mzinteri
443 2752 648 2787 Primordia
674 2751 844 2786 Ecclesiae
871 2752 1066 2795 Africanoe.
1691 2750 1737 2785 21
