2341 3340
1039 149 1102 193 ‘73

112 292 246 334 omnia
275 291 380 333 ¹adeo
411 289 659 340 detestanda,
686 288 755 330 illa
784 286 1043 326 aetate'tanto
1071 286 1199 339 magis
1227 287 1305 339 piis
1337 287 1543 338 quibusvis
1578 289 1817 331 Christianis
1844 302 2019 330 summo-

110 384 210 425 pere
254 370 543 423 displicebant,
588 369 735 418 quanto
775 365 902 417 magis
945 365 1059 404 exosi
1098 367 1219 404 erant
1263 368 1530 405 mercaturam
1567 379 1617 405 ex
1660 369 1761 407 lucri
1800 369 2020 421 cupiditate

112 449 321 490 oriundam
342 477 354 496 ‚
402 460 479 498 qua
527 448 727 498 praeterea
769 456 926 484 merces
966 443 1210 496 parabantur
1249 443 1301 484 ad
1344 444 1497 484 cultum
1534 445 1739 485 idolorum
1779 448 2047 487 necessariae—

113 527 189 584 (de
220 525 448 567 Idololatria
476 536 511 562 c.
539 520 642 576 11.).

276 603 315 654 4.
373 602 486 642 Idem
519 601 794 641 Tertullianus
831 606 1030 654 praeterea
1061 601 1398 642 incontinentiam
1432 602 1611 642 virorum
1650 604 2019 644 ecclesiasticorum

111 683 261 724 acriter
290 682 501 734 vituperat.
558 681 629 721 Jus
651 681 814 732 quidem
832 682 1179 721 matrimoniorum
1206 683 1317 721 clero
1341 682 1534 721 Africano
1559 681 1670 721 haud
1693 685 1779 721 erat
1801 682 2019 730 ademtum,

108 763 143 803 si
170 762 360 800 nimirum
389 760 584 812 Episcopi
613 773 659 799 ac
689 760 926 812 Presbyteri
940 759 976 787 1⁸
1001 773 1149 800 uxores
1181 765 1275 800 ante
1305 761 1602 800 ordinationem
1632 760 1859 809 duxissent,
1899 764 2020 812 atque

105 840 300 888 Diaconi,'
320 839 390 890 qui
416 843 508 892 post
530 839 826 879 ordinationem
847 839 1062 888 nuberent,
1084 841 1162 880 hac
1186 840 1239 880 de
1260 853 1307 879 re
1331 841 1443 892 prius
1465 840 1664 879 cavissent
1672 852 1684 887 ;
1720 851 1810 890 quae
1835 842 2021 878 constans

104 919 232 958 fuisse
273 918 433 958 videtur
468 919 652 958 ecclesiae
681 931 756 971 per
787 919 924 971 priora
960 920 1096 959 secula
1128 918 1440 967 consuetu‹101⁹;
1479 918 1589 958 unde
1616 919 1660 957 in
1688 918 1829 958 Africa
1861 929 2022 969 quoque

105 1003 294 1040 uxoratos
324 999 551 1037 invenimus
585 998 778 1046 clericos,
818 998 997 1050 exceptis
1026 998 1307 1046 Montanistis,
1354 997 1422 1048 qui
1455 1010 1575 1036 omne
1612 997 1856 1036 clericorum
1884 996 2021 1035 matri-

104 1078 282 1117 monium
313 1075 639 1129 repudiabant20.
711 1077 847 1129 Ipsum
879 1082 1016 1117 autem
1047 1077 1345 1116 Tertullianum
1374 1089 1544 1115 uxorem
1577 1076 1760 1123 duxisse,
1803 1075 1899 1114 libri
1932 1075 2021 1126 ejus

104 1155 154 1196 ad
181 1169 351 1195 uxorem
379 1159 600 1204 testantur-3
649 1156 715 1194 cui
742 1169 836 1195 vcro
867 1156 1135 1209 supervixisse
1166 1156 1337 1203 videtur,
1371 1168 1493 1206 quum
1520 1154 1769 1194 Montanista
1793 1154 1939 1202 factus,
1977 1154 2019 1192 in

105 1235 260 1275 clerum
296 1235 418 1287 hujus
452 1239 576 1274 sectae
607 1239 816 1287 cooptatus
845 1235 991 1274 fuerat.
1049 1235 1164 1274 Alios
1195 1234 1456 1285 presbyteros
1486 1236 1679 1271 uxoratos
1710 1233 1882 1284 legimus
1914 1230 2020 1283 apud

105 1312 349 1365 Cyprianum
378 1326 414 1353 v.
436 1326 471 1352 c.
499 1313 699 1352 Novatum
729 1321 770 1352 et
795 1313 1030 1352 Numidium
1060 1312 1415 1364 Carthaginienses
1449 1324 1512 1363 ep.
1541 1310 1597 1350 52
1627 1313 1669 1349 et
1696 1310 1771 1359 403
1810 1309 2023 1349 Caecilium

102 1391 413 1443 Presbyterum,
450 1391 641 1446 (Pontius
671 1393 713 1431 in
739 1392 819 1431 vita
847 1391 969 1444 Cypr.
1000 1406 1039 1445 p.
1064 1388 1148 1444 6.):
1179 1391 1313 1443 ipsum
1343 1390 1590 1442 Cyprianum
1618 1402 1788 1429 uxorem
1815 1389 2022 1436 habuisse,

103 1470 214 1509 idem
242 1470 409 1509 Pontius
440 1471 641 1522 perhibet.
708 1470 791 1509 Sed
827 1471 1123 1522 monogamiam
1165 1473 1398 1509 constanter
1438 1468 1696 1508 commendat
1733 1468 2021 1517 Tertullianus,

105 1549 176 1600 qui
207 1549 410 1600 integrum
439 1549 491 1588 de
521 1563 568 1588 ea
594 1550 743 1589 librum
772 1551 945 1602 scripsit,
976 1551 1159 1602 inprimis
1187 1550 1230 1589 in
1259 1549 1548 1587 ecclesiasticis
1578 1548 1688 1587 viris.
1744 1547 1945 1588 Provocat
1969 1546 2021 1587 ad

103 1626 238 1665 locum
271 1627 566 1667 Pentateuchi:
603 1629 862 1670 Sacerdotes
892 1631 979 1670 mei
1008 1643 1097 1668 non
1128 1630 1229 1682 plus
1256 1629 1417 1668 nubent
1435 1626 1483 1665 21.
1520 1625 1713 1681 (Exhort.
1744 1627 1876 1667 castit.
1900 1640 1936 1666 c.
1954 1622 2018 1679 ⁹7.)

197 1782 394 1815 Juvenalis
408 1782 549 1815 Satires
563 1783 661 1825 apud
675 1783 896 1816 Cramcrum
907 1782 1035 1825 p.584.
1178 1781 1409 1815 Minox-{tani
1450 1792 1528 1816 can.
1566 1781 1622 1816 51.
1666 1782 1862 1817 decretum
1907 1783 1984 1818 fuit
2005 1797 2015 1820 τ

194 1849 249 1883 ita
271 1849 405 1883 habet:
434 1861 510 1893 quae
531 1850 731 1883 damnabat
744 1850 927 1883 adulteria
942 1851 1035 1883 viro-
1179 1851 1328 1883 Placuit
1362 1850 1398 1883 in
1444 1854 1556 1884 totum
1587 1850 1772 1894 prohiberi
1808 1853 2014 1898 Epz'scopc‘s,

194 1931 273 1952 rum
300 1923 461 1959 tantum,
495 1919 589 1952 sicut
615 1920 716 1953 Juzia
740 1919 927 1953 mulierum
949 1924 1035 1954 tan·
1178 1920 1402 1964 Presbyterz's
1434 1924 1470 1954 et
1495 1920 1736 1962 Diaconz’bus,
1775 1922 1831 1956 vel
1858 1924 2016 1958 omnibus

193 1993 280 2023 tum.
329 1988 470 2021 Parum
495 1991 583 2022 nota
601 1992 667 2022 cst.
695 1989 753 2023 Cf.
776 1989 915 2024 Bachii
933 1989 1035 2024 Hist.
1178 1992 1316 2025 clericis
1346 1991 1473 2035 positis
1509 1991 1546 2024 in
1582 1992 1800 2033 ministerio,
1836 1993 2014 2028 abstinere

190 2058 399 2102 jurisprud.
421 2057 602 2092 Romanae
626 2070 660 2103 p.
683 2058 762 2093 146.
1170 2073 1209 2095 se
1237 2073 1261 2096 a
1286 2061 1503 2105 conjugibus
1537 2062 1611 2096 suis
1647 2066 1683 2097 et
1719 2074 1789 2096 non
1832 2075 2013 2108 generare

125 2149 162 2179 18
185 2151 346 2190 Concilii
358 2151 612 2196 Hipponensis
636 2163 732 2186 anno
755 2151 825 2187 393
850 2152 1032 2187 celebrati
1165 2131 1277 2175 fill-⁰⁵⁰
1337 2132 1545 2175 Qnimmque
1568 2144 1650 2165 vero
1677 2132 1814 2175 fecerit
1830 2157 1842 2174 ³
1877 2134 1923 2167 ab
1948 2134 2011 2168 7³⁰-

1170 2212 1260 2235 πονε
1305 2202 1498 2235 clericatus
1544 2202 1808 2236 exterminetur.
1876 2202 2010 2237 Routh

1174 2269 1237 2303 IV.
1259 2282 1294 2314 p.
1314 2269 1372 2305 51.

196 2232 324 2255 canon.
342 2222 391 2255 II.
417 2221 1032 2267 Episcoporum,Presbyterorum

196 2290 431 2334 aliorumque
462 2291 688 2325 clericorum
715 2291 804 2325 filiis
840 2291 1031 2337 injungit,

196 2370 243 2393 ne
267 2360 479 2403 spectacula
502 2361 706 2395 exhibeant
722 2361 817 2396 iisve
843 2362 1029 2397 intersint.
1101 2361 1138 2390 2⁰
1161 2362 1256 2396 Vide
1280 2362 1382 2398 infra
1407 2357 1495 2409 Capss
1516 2364 1639 2399 XXII.

195 2427 321 2462 Fuchs
332 2428 432 2463 Bibl.
448 2430 876 2466 (Llfirchenversamml.
890 2431 1028 2466 III-75.
1100 2454 1136 2484 21
1161 2456 1237 2500 Qui
1261 2460 1386 2492 tamen
1419 2457 1542 2492 [ὠνὴ.
1568 2458 1670 2492 XXI.
1688 2456 1721 2491 7·
1743 2456 1799 2492 13·
1821 2457 1877 2492 14·
1901 2457 2005 2491 haud

126 2520 162 2550 19
196 2521 436 2566 Presbyteris
480 2522 721 2558 matrimonio
774 2525 1028 2559 contrahendo
1169 2525 1333 2571 legitur,
1357 2527 1437 2574 ⁴ubi
1466 2528 1678 2561 sacerdotes
1713 2527 1849 2561 saltem
1873 2526 2005 2571 prohi-

194 2591 440 2626 interdictum
474 2591 550 2625 fuit
583 2604 661 2627 can.
683 2595 712 2628 Ι.
743 2594 905 2628 Concilii
931 2594 1029 2628 Neo-
1169 2595 1309 2629 bentur
1327 2606 1349 2629 a
1372 2596 1616 2630 matrimonio
1639 2608 1725 2630 cum
1743 2596 1872 2638 vidua,
1902 2608 2004 2629 com-

195 2660 428 2696 caesareensis
452 2664 534 2705 post
554 2661 706 2696 initium
725 2675 793 2697 sec.
805 2664 866 2698 IV.
890 2664 1028 2699 habiti.
1169 2676 1298 2709 pressa.
1326 2669 1392 2699 aut
1423 2665 1621 2708 repudiata
1651 2665 1826 2699 ineundo.
1874 2665 1937 2700 Tu
1958 2665 2004 2699 de

193 2731 327 2767 Routh
345 2730 561 2765 Rel.Sacrae
580 2731 648 2764 III.
667 2732 745 2766 495.
760 2732 839 2766 495.
866 2732 1028 2768 Concilii
1169 2734 1242 2770 hoc
1262 2735 1345 2770 loco
1371 2734 1459 2769 vide
1483 2735 1570 2779 Cap.
1590 2734 1689 2769 XVI.

263 2815 427 2849 Miintcrz'
452 2816 655 2851 Primordia
683 2817 847 2851 Ecclesiae
872 2818 1066 2860 Africanae.
1690 2818 1735 2852 10
