2341 3340
1027 151 1029 153 ’
1055 153 1153 200 221

329 296 370 336 3.
426 294 624 347 Sequenti
655 294 722 334 die
750 293 987 334 Saturninus
1007 291 1248 342 Proconsul,
1277 294 1425 336 sedens
1451 295 1756 353 pro‘tribunali,
1786 316 1857 345 eos
1879 317 2056 358 praesen-

151 375 231 415 tari
251 375 383 428 jubet.
441 375 520 424 Qui
548 387 638 413 cum
668 373 931 420 adstitissent,
957 372 1056 411 dicit
1084 371 1135 411 ad
1161 372 1381 413 foeminas:
1415 376 1625 418 Honorate
1644 379 1802 433 Regem
1832 389 2013 424 nostrum
2024 386 2055 434 ⁹,

151 457 195 492 et
224 454 446 493 sacrificate
469 453 567 492 Diis.
608 451 725 490 Tunc
742 451 896 490 Donata
927 451 1048 490 dixit:
1080 451 1290 490 Honorem
1319 453 1482 504 quidem
1498 455 1648 497 Caesari
1670 462 1873 512 tamquam
1890 463 2053 512 Caesari,

149 531 238 571 Deo
274 535 409 571 autem
446 535 584 570 nostro
619 529 822 569 honorem
855 533 896 569 et
926 529 1150 569 orationem
1179 530 1401 570 offerimus.
1458 530 1576 572 Stans
1609 536 1775 578 Vestina
1818 539 1939 579 dixit:
1998 541 2054 581 Et

150 621 228 661 ego
262 607 490 648 Christiana
521 621 624 648 sum.
691 607 880 649 Secunda
912 608 1098 648 similiter
1134 608 1262 648 dixit:
1310 609 1375 649 Et
1403 621 1481 661 ego
1517 612 1641 651 credo
1672 616 1715 655 in
1742 617 1830 657 Deo
1857 632 1973 668 meo,
2012 625 2053 659 et

149 686 242 726 volo
269 686 312 726 in
343 686 432 738 ipso
457 699 567 726 esse:
614 686 692 726 diis
720 691 855 727 autem
886 688 967 727 t'uis
997 699 1079 727 non
1109 688 1327 738 servimus,
1365 701 1500 741 neque
1533 689 1758 733 adoramus.
1815 685 2052 739 Saturninus

149 762 388 814 Proconsul,
429 765 574 805 auditis
603 766 690 814 his,
730 767 925 818 praecepit
953 779 1021 806 eas
1050 754 1266 818 servari&

326 844 367 884 4.
423 843 640 883 Advocatis
654 844 762 892 viris,
793 843 894 882 dicit
913 843 1106 896 Sperato:
1135 843 1376 884 Perseveras
1405 849 1451 884 ut
1466 845 1718 889 Christianus
1737 849 1821 888 sis?
1861 850 2053 903 speratus

149 922 274 963 dixit:
304 922 440 964 Etiam
456 934 696 974 persevero:
729 925 772 961 et
800 935 941 961 omnes
959 922 1111 971 audite,
1146 923 1236 975 quia
1252 923 1505 964 Christianus
1520 937 1621 964 sum.
1659 926 1884 967 Autlient-es
1900 942 2052 980 omncs,

149 1002 338 1051 qui'cum
368 1000 439 1039 illo
468 1001 619 1039 retenti
646 1000 822 1048 fuerant,
852 1005 1146 1040 consenserunt
1169 1002 1418 1041 confessioni
1441 1003 1563 1051 illius,
1594 1003 1796 1044 dicentes:
1837 1006 1982 1048 Sumus
2011 1015 2053 1049 et

147 1091 223 1118 nos
250 1079 402 1131 pariter
430 1078 663 1118 Christiani.
736 1079 974 1119 Saturninus
1013 1079 1240 1119 Proconsul
1275 1080 1402 1120 dixit:
1460 1080 1548 1121 Nec
1576 1082 1861 1125 liberationem
1877 1085 1934 1135 ¹1,
1975 1100 2051 1127 nec

147 1157 428 1197 remissionem
453 1157 600 1196 vultis?
653 1156 846 1210 Speratus
867 1157 1099 1210 respondit:
1156 1158 1202 1197 In
1232 1160 1453 1199 certamine
1473 1160 1588 1212 justo
1615 1162 1724 1201 nulla
1758 1168 1820 1203 est
1852 1166 2050 1206 remissio.

147 1235 232 1276 Fac
261 1236 369 1287 quod
390 1235 467 1275 vis!
507 1235 591 1275 Nos
626 1237 734 1275 enim
761 1249 836 1288 pro
855 1236 1018 1275 Christo
1047 1236 1268 1288 gaudentes
1293 1238 1502 1277 morimur.
1560 1238 1797 1280 Saturninus
1826 1242 2051 1286 Proconsul

144 1313 268 1353 dixit:
327 1314 406 1363 Qui
443 1317 536 1353 sunt
571 1315 685 1361 libri,
722 1327 822 1365 quos
860 1314 1037 1353 adoratis
1071 1314 1289 1366 legentes?
1350 1315 1544 1367 Speratus
1575 1318 1813 1369 respondit:
1873 1322 2052 1372 Quatuor

145 1391 364 1444 Evangelia
378 1390 541 1430 Domini
561 1392 690 1431 nostri
708 1391 806 1431 Jesu
823 1390 989 1441 Christi,
1021 1397 1063 1432 et
1079 1393 1281 1445 Epistolas
1302 1395 1429 1434 sancti
1444 1394 1810 1447 PauliApost01i12‚
1833 1402 1874 1438 et
1888 1413 2051 1443 omnem

146 1470 336 1510 divinitus
374 1471 607 1522 inspiratam
643 1469 906 1521 Scripturam.
977 1470 1215 1510 Saturninus
1261 1471 1486 1512 Proconsul
1519 1474 1642 1513 dixit:
1703 1475 1885 1527 Spatium
1928 1480 2051 1520 trium

147 1547 305 1589 dierum
325 1548 461 1587 tribuo
476 1543 602 1595 vobis,
624 1551 669 1586 ut
686 1548 944 1599 resipiscatis.
997 1548 1188 1600 Speratus
1203 1549 1323 1588 dixit:
1356 1549 1607 1591 Christianus
1622 1566 1724 1602 sum,
1753 1558 1794 1594 ct
1818 1567 1958 1597 omnes
1982 1561 2050 1610 qui

146 1639 305 1667 mecum
335 1631 450 1674 sunt;
482 1630 523 1665 et
552 1639 573 1665 a
596 1625 678 1665 fide
701 1625 865 1666 Domini
890 1627 1019 1666 nostri
1038 1626 1138 1666 Jesu
1155 1627 1309 1666 Christi
1326 1641 1407 1668 non
1431 1629 1688 1670 discedimus.
1731 1632 1944 1685 Facquod
1969 1638 2048 1677 vis!

322 1704 363 1744 5.
420 1703 662 1753 Proconsul,
708 1705 849 1745 videns
884 1706 1007 1744 etiam
1041 1706 1225 1757 ipsorum
1255 1707 1402 1747 mentis
1434 1708 1696 1750 stabilitatem
1726 1714 1768 1750 et
1794 1712 1892 1753 fidei
1924 1714 2049 1756 firmi-

145 1785 283 1831 tatem,
313 1781 428 1822 dedit
455 1782 499 1822 in
529 1795 601 1822 eos
629 1784 872 1823 sententiam
893 1796 969 1836 per
998 1784 1326 1837 Exceptoremss,
1357 1785 1497 1826 dicens
1523 1788 1601 1827 sic:
1644 1787 1870 1841 Speratum,
1899 1792 2049 1836 Narza-

144 1881 2050 1900 Q

191 1937 209 1965 9
231 1938 289 1972 Ex
308 1937 413 1973 hisce
432 1938 560 1972 verbis
579 1939 777 1983 probabile
798 1940 865 1981 fit,
889 1939 1073 1974 Actorum
1142 1939 1178 1968 ¹2
1201 1940 1385 1985 Respexit
1413 1942 1583 1977 fortassis
1610 1947 1778 1980 vetustas
1806 1946 1891 1980 illas
1923 1948 2047 1993 plere-

244 2007 318 2041 hoc
351 2008 545 2052 exemplar
581 2020 628 2042 ex
666 2008 752 2043 aliis
790 2008 1071 2053 antiquioribus
1212 2022 1373 2055 rumque
1415 2011 1514 2046 Novi
1569 2012 1807 2050 Testamenti
1857 2017 2047 2055 librorum

240 2075 494 2119 conscriptum
543 2087 622 2110 csse
656 2080 827 2122 tempore
867 2089 940 2122 quo
984 2078 1072 2113 Afri
1211 2066 1475 2122 collectiones,
1501 2081 1754 2128 Evangelium
1777 2089 1814 2120 et
1842 2086 2045 2131 Apostolus

237 2135 366 2188 Reges‘
402 2144 621 2180 habuerunt
640 2171 651 2187 ‚
693 2146 732 2181 h.
754 2157 786 2180 e.
813 2147 1070 2183 Vandalorum
1211 2150 1342 2192 dictas,
1367 2162 1448 2194 quae
1467 2149 1640 2195 inprimis
1658 2152 1697 2187 in
1712 2153 1885 2189 Ecclesia
1907 2156 2043 2192 Orien-

239 2215 356 2247 aetate.
403 2213 595 2249 Romanos
615 2215 717 2249 enim
739 2216 800 2250 vel
829 2217 876 2250 ab
899 2216 979 2260 ipso
1003 2228 1070 2252 vo-
1210 2219 1280 2254 tali
1309 2231 1380 2253 sec.
1404 2219 1454 2253 ΙΙ.
1486 2219 1525 2253 in
1555 2232 1626 2255 usu
1660 2227 1777 2259 erant.
1831 2225 1927 2260 Vide
1957 2227 2043 2261 Pri-

183 2299 188 2302 ·
240 2281 374 2315 cabulo
385 2282 642 2327 abhorruisse,
662 2284 761 2320 inter
773 2295 901 2320 omnes
915 2289 1070 2321 constat.
1212 2289 1449 2324 mordiorum
1468 2289 1572 2324 CAP.
1594 2291 1673 2325 XV.
1729 2293 1792 2327 Sic
1820 2296 1931 2330 omnis
1957 2296 2048 2330 divi-

170 2371 206 2400 10
228 2372 359 2418 Longe
384 2374 519 2409 melior
546 2376 684 2420 lectio,
720 2388 835 2423 quam
863 2377 931 2411 am
964 2378 1070 2413 codd·
1212 2360 1310 2393 nitus
1355 2358 1535 2402 inspirata
1587 2362 1767 2406 scrsztura
1811 2365 1885 2401 erit
1929 2366 2046 2401 codex

238 2441 405 2485 habent,
431 2447 599 2489 separari
620 2446 659 2480 in
681 2450 828 2482 textum
854 2447 974 2491 recipi
992 2459 1071 2482 me·
1212 2429 1360 2463 veterffl
1391 2429 1639 2466 Testamenu'

185 2530 211 2541 χ
238 2515 357 2546 retur·
1142 2533 1177 2563 13
1201 2536 1451 2580 ΕΧοεΡῐοτεε,
1490 2537 1556 2580 qui
1576 2538 1673 2572 notis
1698 2519 1937 2584 excipiebant
1960 2552 2044 2576 ora-

170 2593 202 2621 ll
235 2595 456 2640 Lugendum
475 2609 484 2630 :
533 2596 830 2635 deliberationem.
893 2601 991 2637 Nam
1031 2602 1072 2638 in
1211 2604 1343 2639 tiones.
1370 2605 1519 2639 Senecae
1535 2607 1653 2651 Epist.
1667 2591 1766 2643 XIV.
1787 2609 1905 2645 Erant
1926 2609 2046 2656 igitur

240 2664 368 2698 codice
400 2665 616 2700 colbertino
637 2680 646 2701 z
701 2670 868 2704 Forsitan
901 2673 951 2706 ad
983 2673 1071 2707 libe-
1210 2674 1359 2710 Notarii
1381 2675 1418 2710 in
1440 2675 1523 2710 foro
1543 2676 1728 2713 Romano.

239 2734 392 2783 randum
424 2739 559 2779 tempus
583 2737 693 2772 vultis
720 2739 892 2783 acca'pere.
953 2741 1000 2775 R.
