2341 3340
997 124 1096 171 253

96 268 202 310 VIII.
238 267 326 307 Kal.
359 266 452 307 Jun.
483 266 612 306 sancti
646 263 827 304 Flaviani
865 266 908 303 et
939 262 1204 315 Septimiae12.
1250 260 1281 273 ⁸

96 348 148 388 ΙΙ.
190 348 276 387 Kal.
307 347 400 386 Jun.
442 349 671 384 sanctorum
710 341 1068 387 Timidensium13.

98 426 168 465 111.
204 426 308 464 Non.
341 425 433 463 Jun.
462 423 590 461 saneti
615 421 892 460 perseveranti
915 419 1122 472 Martyris.

95 503 232 543 Nonas
271 503 364 542 Jun.
399 501 528 541 sancti
565 500 687 552 Systi.

96 581 166 620 111.
204 581 298 619 Idus
331 580 425 619 Jun.
464 580 591 619 saneti
628 577 802 616 Galloni.

95 659 208 699 XIII.
241 658 329 697 Kal.
363 658 490 697 Julias
522 658 650 697 sancti
679 655 844 696 Gervasi
875 659 916 695 et
944 653 1103 696 Protasi
1135 655 1414 710 Martyrumss.

96 737 205 779 VIII.
242 736 330 777 Kal.
365 737 446 776 Jul.
482 737 609 776 saneti
641 735 838 775 Johannis
866 735 1072 785 Baptistae.

264 815 392 855 saneti
401 842 493 853 .....
525 818 567 853 et
596 814 744 866 Rogati
780 812 1028 864 Martyrislfi.
1052 841 1055 843 -

207 922 217 933 .
272 894 353 933 Jul.
391 893 521 932 sancti
548 892 642 931 E...
670 889 917 942 Martyrisw.

208 1000 218 1012 .
273 972 354 1011 Jul.
391 974 621 1010 sanctorum
652 997 663 1009 .

208 1077 219 1089 .
274 1049 355 1089 Jul.
385 1077 559 1089 .......

94 1128 192 1168 Idus
227 1128 354 1168 Julias
391 1127 518 1167 sancti
559 1125 734 1166 Catulini
769 1126 964 1177 Martyris
979 1123 1027 1165 ¹3.

680 997 692 1008 .
706 997 716 1008 .
732 997 742 1010 .
771 969 1057 1021 Apostolorum
1068 966 1116 1008 ¹⁷.

94 1205 237 1248 XV...
267 1206 354 1245 Kal.
393 1206 596 1258 Augustas
632 1210 861 1245 sanctorum
895 1202 1239 1244 Scilitanorumw.

94 1285 186 1325 XII.
227 1285 315 1324 Kal.
349 1284 453 1336 Aug.
482 1284 684 1336 depositio
717 1285 843 1324 sancti
873 1285 1004 1322 Aurili
1035 1284 1230 1336 Episcopi
1247 1283 1294 1323 2⁰.

95 1361 166 1403 XI.
202 1363 288 1402 Kal.
321 1363 397 1415 Ag.
433 1366 663 1401 sanctorum
699 1361 1040 1402 Maxulitanorum

120 1516 156 1545 12
180 1516 383 1551 Flavianus
412 1528 508 1550 unus
535 1527 554 1550 e
584 1516 696 1550 sociis
719 1516 829 1550 Lucii
856 1520 893 1550 et
918 1516 1028 1550 Mon-

193 1585 284 1620 tani.
342 1585 547 1620 Morcellus
573 1586 624 1619 II.
658 1586 738 1620 157.

194 1655 293 1690 hanc
312 1667 393 1700 quae
412 1655 562 1689 diversa
584 1655 662 1689 fuit
685 1666 707 1690 a
729 1655 914 1700 Septimia
944 1667 1030 1702 pag.

804 1585 1029 1629 Septimiam

192 1726 364 1769 sequenti
384 1724 539 1760 laudata
549 1749 559 1767 ,
591 1725 822 1770 ignoramus.

123 1808 159 1838 1³
184 1809 288 1844 cAP.
300 1810 382 1844 vn.
403 1821 439 1853 p.
457 1810 537 1844 217.

194 1883 275 1914 tere
303 1879 450 1924 uspiam
465 1904 475 1921 ,

585 1810 738 1844 Horum
759 1812 855 1852 aeta,
881 1810 913 1846 si
932 1810 1028 1846 exti-

522 1880 753 1915 exciderunt.
808 1880 952 1915 Forsan
983 1892 1030 1916 ex

194 1959 326 1982 eorum
356 1959 513 1982 numero
547 1949 625 1983 fuit
646 1950 810 1984 Faustus
834 1961 856 1984 a
874 1950 1031 1985 Timida

194 2016 313 2062 regia,
339 2017 560 2059 Confessor‚
589 2018 655 2062 qui
680 2020 823 2063 synodo
848 2020 1030 2064 Cypriani

194 2085 392 2127 interfuit,
427 2089 465 2120 et
487 2091 723 2121 memoratur
749 2087 795 2121 ab
816 2087 1029 2133 Augustino

195 2159 326 2189 contra
355 2156 526 2190 Crescon.
557 2156 642 2190 Lib.
665 2156 748 2190 VII.
773 2168 803 2191 e.
818 2157 874 2192 21.

127 2247 163 2275 14
187 2246 484 2281 Mediolanenses
522 2246 566 2282 hi
605 2247 694 2282 aedis
736 2259 850 2282 saerae
885 2249 1028 2283 honore

196 2317 299 2351 aucti
330 2318 439 2351 fuere
469 2316 508 2351 in
551 2316 645 2351 villa
678 2318 914 2361 Victoriana,
946 2319 1031 2364 agri

195 2384 449 2430 Hipponensis
467 2385 564 2421 vico.
612 2387 846 2434 Augustinus
861 2389 906 2422 de
917 2389 1029 2423 Civit.

195 2454 268 2493 Dei
291 2455 412 2489 XXII.
437 2466 467 2489 e.
488 2454 522 2497 8,
546 2455 581 2490 ’7.

128 2538 163 2568 15
187 2539 263 2584 Qui
291 2551 311 2573 e
330 2550 487 2573 numero
515 2539 793 2576 Abitinensium
813 2542 1031 2588 Martyrum

196 2608 284 2643 fuit.
321 2609 492 2643 Mei-cell.
514 2609 562 2644 ad
593 2620 732 2645 annum
741 2611 821 2645 304.
838 2612 889 2646 II.
911 2611 1028 2656 p.188.

129 2699 163 2728 16
188 2700 329 2736 Forsan
358 2701 562 2747 legendum
596 2702 634 2737 S.
651 2703 772 2745 Elafi,
813 2703 851 2737 in
886 2703 1028 2746 Africa,

1047 1381 1096 1401 ἰ

1171 1517 1238 1561 qui
1274 1518 1337 1553 lv.
1367 1519 1449 1553 Kal.
1479 1521 1556 1556 Jul.
1582 1525 1735 1556 notatur
1766 1523 1804 1557 in
1847 1525 2003 1570 vulgato

1169 1585 1401 1632 Hieronymi
1436 1589 1726 1637 Martyrologio.
1799 1592 2004 1627 Moreellus

1174 1656 1327 1699 conjicit
1355 1669 1503 1703 quoque
1534 1661 1579 1694 de
1607 1660 1784 1712 Egnatio,
1814 1661 1879 1705 qui
1908 1672 2004 1696 anno

1172 1725 1241 1760 204
1268 1709 1458 1763 occubuit.
1505 1729 1624 1765 Afric.
1643 1730 1784 1765 Christ.
1810 1731 1860 1765 11.
1888 1743 1923 1776 p.
1947 1730 2003 1766 64.

1098 1808 1135 1838 17
1158 1809 1265 1845 Petri
1284 1815 1321 1845 et
1334 1812 1457 1855 Pauli,
1488 1814 1602 1858 quiin
1623 1815 1797 1850 omnibus
1811 1816 2004 1861 Martyro-

1165 1879 1281 1925 logiis
1308 1881 1365 1915 111
1384 1882 1467 1918 Kal.
1491 1885 1569 1918 Jul.
1593 1885 1720 1919 locum
1743 1891 1948 1921 merentur.

1100 1970 1135 1998 18
1158 1971 1276 2007 Notus
1302 1977 1358 2007 ost
1378 1985 1422 2008 ex
1442 1975 1646 2021 Augustini
1663 1989 1835 2013 sermone
1855 1990 1922 2023 per
1941 1989 2005 2014 na-
2048 1998 2051 1999 ν

1169 2042 1286 2076 talem
1328 2042 1495 2077 Catulini
1537 2051 1724 2089 perorato.
1795 2048 2006 2084 Diaconum

1109 2154 1112 2155 γ
1171 2110 1302 2144 dicunt
1354 2111 1631 2160 Martyrologia
1686 2116 1915 2163 Hieronymi
1968 2125 2006 2153 et

1170 2178 1346 2213 usuardi.
1405 2180 1541 2215 Passus
1574 2183 1728 2219 videtur
1761 2187 2003 2233 Carthagine.

1100 2247 1136 2275 19
1161 2248 1256 2282 Vide
1286 2249 1390 2283 CAP.
1416 2251 1570 2286 XXVII.
1604 2265 1639 2297 p.
1659 2255 1738 2291 138.

1100 2332 1137 2360 2⁰
1160 2333 1283 2377 Episc.
1295 2334 1632 2380 Carthaginiensis,
1657 2339 1860 2385 Augustini
1884 2352 2004 2385 aequa-

1171 2402 1232 2444 lis,
1258 2403 1327 2437 sub
1350 2415 1422 2448 quo
1436 2407 1620 2450 templum
1632 2408 1813 2442 Coelestis
1833 2410 2005 2444 clausum

1173 2476 1240 2507 est.
1298 2473 1509 2509 Ecclesiam
1546 2487 1653 2511 suam
1691 2478 1790 2512 rexit
1823 2478 1870 2512 ab
1910 2489 2005 2514 anuo

1170 2541 1341 2577 392-429.

1099 2632 1135 2663 21
1160 2633 1387 2668 Maxulitani
1408 2634 1599 2681 Martyres
1620 2649 1656 2672 v.
1676 2638 1904 2674 Massilitani
1925 2641 2007 2675 Iau-

1171 2705 1309 2740 dantur
1338 2706 1384 2740 ab
1402 2705 1615 2751 Augustino
1640 2719 1800 2743 sermon.
1819 2709 1875 2744 4⁶2.
1893 2713 1930 2745 et
1951 2709 2006 2744 43.
