2341 3340
1031 125 1131 175 235

132 274 188 314 Et
216 285 292 328 ego
322 272 534 327 respondi:
566 284 647 312 non
668 266 832 310 facioffl.
887 267 1132 315 Hilarianus,
1165 266 1391 309 Christiana
1413 282 1469 318 es,
1494 256 1637 323 inquit3
1665 275 1707 311 et
1721 284 1797 324 ego
1819 272 2032 324 respondi:

134 352 363 392 Christiana
405 365 495 391 sum
510 350 558 390 ⁷⁰.
634 350 690 389 Et
733 360 825 388 cum
864 350 989 386 staret
1023 350 1140 400 pater
1178 345 1230 385 ad
1270 359 1336 386 me
1376 347 1644 401 dejiciendam
1664 377 1677 397 ‚
1707 350 1844 402 jussus
1880 354 1942 405 est
1980 351 2030 391 ab

129 429 342 471 Hilariano
372 430 518 483 dejici:
547 431 590 468 et
614 428 727 479 virga
753 437 970 478 percussus
997 423 1114 474 estu,
1149 426 1194 463 et
1217 423 1349 463 doluit
1375 426 1475 465 mihi
1501 439 1616 467 casus
1643 428 1768 479 patris
1796 429 1890 479 mei,
1919 430 2033 482 quasi

131 521 209 562 ego
241 509 409 549 fuissem
446 517 658 560 percussa:
699 506 759 545 sic
794 503 906 544 dolui
938 515 1014 556 pro
1049 505 1213 542 senecta
1245 502 1333 555 ejus
1361 503 1522 545 misera.
1580 506 1697 547 Tunc
1724 519 1799 547 nos
1824 507 2033 548 universos

130 588 384 640 pronunciat,
413 589 455 625 et
482 585 645 625 damnat
671 584 723 624 ad
750 582 959 631 bestias⁷²‚
985 586 1028 622 et
1048 581 1200 622 hilares
1226 579 1513 621 descendimus
1541 583 1592 624 ad
1617 584 1879 626 carcerem73.
1915 585 2033 627 Tunc

131 666 226 718 quia
255 668 519 705 consueverat
547 676 570 703 a
601 676 668 703 me
700 662 833 703 infans
860 672 1052 701 mammas
1080 659 1288 712 accipere,
1333 661 1376 699 et
1402 672 1564 700 mecum
1589 661 1633 700 in
1665 675 1826 704 carcere
1853 677 2031 713 manere,

129 741 264 782 statim
295 743 412 783 mitto
440 743 492 784 ad
520 746 677 795 patrem
708 740 979 792 Pomponium
1010 738 1263 784 Diaconum,
1301 738 1507 788 postulans
1537 739 1746 781 infantem.
1802 741 1886 782 Sed
1916 749 2032 795 pater

128 818 228 860 dare
258 822 443 871 uomitu,
477 825 519 861 et
551 818 753 872 quomodo
783 819 893 857 Deus
922 816 1062 865 voluit,
1098 828 1232 867 neque
1260 814 1331 855 ille
1351 817 1524 868 amplius
1552 831 1744 859 mammas
1769 818 2031 872 desideravit3

128 910 265 952 neque
294 900 396 940 mihi
430 900 636 940 fervorem
663 897 874 946 fecerunt,
911 907 964 936 ne
999 892 1272 936 sollicitudine
1301 894 1465 936 infantis
1506 899 1549 936 et
1591 896 1752 949 dolore*
1769 911 2032 955 mammarum

128 990 367 1019 maceraret.

151 1122 188 1152 ⁶⁹
215 1126 327 1169 Hoec,
353 1126 478 1173 inquit
495 1128 658 1162 Tertull.
685 1132 738 1163 est
757 1128 815 1162 lex·
834 1131 958 1161 nostra
973 1138 1058 1171 pro—
1198 1129 1269 1159 tem
1289 1127 1397 1160 verba
1417 1126 1627 1161 condoleret,
1674 1127 1723 1162 R.
1778 1130 1863 1163 Hoc
1884 1140 1928 1163 ex
1948 1131 2030 1165 loco

216 1197 305 1241 pria
331 1197 627 1239 Christianorum,
646 1209 712 1243 per
731 1209 838 1243 quam
860 1198 904 1230 ab
927 1197 1059 1231 Etlmz‘-
1199 1199 1368 1240 apparet,
1395 1201 1540 1239 patrem
1554 1196 1763 1240 Perpetuae,
1783 1198 1854 1232 etsi
1871 1200 2030 1234 honesto

221 1267 273 1302 cis
292 1268 523 1313 agnoscimur
541 1272 576 1303 et
598 1268 855 1302 examinamur.
887 1267 943 1300 De
962 1264 1058 1301 Idol.

222 1337 331 1372 mult.
356 1336 462 1372 Unde
485 1337 658 1370 foculum
677 1339 714 1371 et
733 1346 902 1370 acerram
923 1334 1059 1369 exami-

221 1410 382 1442 natorem
396 1406 679 1440 Christianorum
695 1405 874 1450 appellat,
898 1403 1057 1449 Apolog.

223 1486 254 1510 c.
274 1476 310 1511 9.
356 1476 408 1511 Ut
434 1477 644 1521 Perpetua,
681 1475 736 1510 ita
766 1485 913 1519 quoque
940 1473 1058 1524 Poly-

223 1555 357 1590 carpus
376 1545 633 1587 suadentibus,
656 1547 699 1579 ut
719 1544 904 1578 Caesarem
925 1542 1058 1576 Domi-

221 1625 313 1648 num
325 1615 532 1660 appellaret
544 1618 581 1649 et
598 1614 839 1655 sacrificaret,
851 1611 1058 1656 respondit,

221 1681 375 1728 οὖμέλλω
395 1682 543 1731 πράττειν
561 1682 580 1718 ὃ
593 1681 823 1730 συμβουλεύετε
831 1696 899 1728 μοι.
919 1681 1058 1716 Euseb.

222 1753 274 1795 H.
292 1754 393 1789 Eccl.
411 1754 474 1789 lv.
495 1754 552 1789 15.
631 1755 681 1789 fl.

152 1822 190 1851 ⁷⁰
211 1822 329 1858 Hisce
356 1823 483 1858 verbis
517 1835 644 1858 omnes
674 1824 756 1858 fere
780 1822 972 1868 Martyres
997 1832 1057 1856 ro-

223 1892 467 1937 sponderunt.
510 1894 547 1928 S.
569 1894 755 1928 Blandina
772 1893 918 1938 inquit:
944 1891 1057 1926 Chri-

223 1963 346 1996 stiana
368 1974 463 1997 sum.
511 1963 609 1997 Item
628 1963 665 1998 S.
684 1963 872 1997 Diaconus
898 1961 978 2004 ejus
997 1972 1057 1996 so·-

225 2030 317 2080 cius.
342 2031 454 2065 Miles
475 2032 746 2067 aTertulliano
766 2032 941 2066 laudatus
957 2031 1057 2076 quod

1197 1262 1280 1296 loco
1310 1268 1462 1305 natum,
1487 1264 1590 1298 haud
1610 1265 1727 1299 fuisse
1746 1266 1869 1301 civem
1889 1268 2032 1304 Roma-

1199 1342 1304 1376 num,
1333 1332 1421 1380 quia
1438 1334 1533 1368 alias
1551 1335 1788 1377 linai-ianus,
1813 1348 1931 1381 quum
1946 1349 2032 1374 eum

1197 1402 1403 1437 verberare
1425 1403 1602 1446 juberet,
1634 1404 1759 1450 legem
1783 1405 1958 1442 Porciam
1986 1409 2032 1442 (le

1198 1475 1307 1517 tergo
1319 1471 1462 1506 civium
1471 1473 1718 1508 vehementer
1729 1476 1918 1511 violasset.
1937 1477 2032 1513 Vide

1197 1540 1430 1585 Interpretes
1460 1542 1507 1576 acl
1528 1542 1653 1578 Actor.
1676 1544 1792 1579 XXV.
1812 1546 1870 1581 11.

1129 1609 1166 1638 '⁴¹²
1189 1609 1271 1644 Etsi
1291 1610 1422 1645 Romae
1449 1614 1486 1644 et
1514 1611 1607 1645 alibi
1636 1613 1856 1657 frequenter
1888 1617 1935 1652 ad
1964 1617 2032 1652 be-

1198 1679 1288 1714 stias
1330 1680 1537 1716 Christiani
1568 1681 1865 1726 damnabantur,
1905 1689 2033 1722 tamen

1199 1748 1238 1783 in
1255 1749 1387 1784 Africa
1406 1751 1593 1796 praecip'ue
1618 1753 1691 1787 hoc
1711 1754 1862 1797 suplicii
1893 1767 2033 1801 genere

1197 1818 1237 1853 in
1251 1831 1312 1854 eos
1326 1821 1499 1856 saevitum
1513 1822 1642 1865 fuisse,
1670 1822 1708 1857 in
1722 1821 1855 1859 Severi
1867 1826 2031 1861 maxime

1196 1891 1480 1934 persecutione,
1507 1903 1551 1926 ex
1569 1892 1701 1927 multis
1724 1893 1954 1929 Tertulliani
1976 1899 2031 1930 te-

1198 1959 1386 1995 stimoniis
1408 1965 1563 1997 constat.
1611 1963 1662 1997 H.
1717 1962 1812 1997 Vide
1834 1975 1914 2008 quae
1934 1965 2032 1999 hanc

1197 2028 1236 2063 in
1257 2041 1339 2064 rem
1361 2030 1464 2066 CAP.
1485 2031 1620 2066 XXVI.
1640 2044 1675 2076 p.
1697 2032 1776 2067 172.
1806 2034 2030 2070 notavimus.

225 2111 402 2136 coronam
431 2101 655 2144 abjecisset,
692 2113 823 2136 causas
852 2102 1057 2146 expostula-
1129 2097 1165 2125 73
1189 2098 1398 2134 Christiani
1419 2101 1597 2143 damnati,
1622 2105 1666 2136 ut
1686 2101 1739 2136 ait
1759 2102 2033 2145 Tertullianus,

223 2171 584 2212 tus,Clz11stzaanus
604 2182 704 2212 sum,
739 2172 930 2217 respondet.
1005 2172 1057 2206 11.
1199 2169 1342 2213 grafia-‘J
1361 2180 1476 2216 agere
1501 2170 1684 2213 solebant,
1708 2174 1745 2205 et
1773 2172 1896 2217 magis
1925 2173 2031 2208 dam-

156 2239 189 2268 71
215 2239 278 2275 Sic
297 2234 442 2274 codices
461 2240 653 2276 Ruinarti.
700 2241 921 2275 Holstenius
936 2242 1058 2276 habet
1198 2238 1279 2273 nati
1301 2250 1418 2283 quum
1437 2240 1603 2274 absoluti
1623 2240 1849 2286 gaudebant.
1872 2242 1922 2276 H.
1950 2244 2032 2288 Ago

220 2310 420 2354 percussit,
462 2310 502 2344 id
543 2311 642 2355 quod
673 2311 964 2357 intellig-endum
997 2312 1057 2345 fo-
1197 2309 1345 2354 gratias
1361 2320 1457 2354 saepe
1474 2310 1617 2355 legitur
1633 2310 1672 2345 in
1691 2310 1782 2346 actis
1801 2310 2031 2356 Martyrum.

225 2382 285 2414 ret
330 2379 377 2414 de
425 2379 626 2415 Hilariano
669 2385 817 2426 patrem
860 2381 1058 2426 Perpetuae
1127 2377 1164 2407 74
1189 2379 1382 2414 Credibile
1401 2384 1469 2421 est,
1493 2384 1640 2424 patrem
1656 2380 1863 2415 Ethnicum
1888 2381 1936 2415 ad
1967 2393 2030 2416 ne-

226 2448 338 2494 virga
363 2447 534 2484 feriente.
587 2450 782 2495 Displicet.
823 2450 1057 2496 Augustinus

224 2518 345 2553 Serm.
365 2506 398 2552 2ss
419 2518 464 2552 de
486 2519 546 2553 his
571 2520 719 2563 sanctis,
744 2519 783 2554 id
804 2520 958 2554 Diaboli
976 2531 1057 2554 ma-

223 2588 317 2622 litiae
339 2588 497 2631 tribuit,
526 2590 589 2634 qni
609 2591 764 2634 undique
783 2589 825 2633 (a
848 2590 1057 2636 Perpetua)

224 2663 415 2703 superatus
434 2684 444 2699 ,
481 2663 623 2703 patrem
659 2659 737 2701 ejus
771 2660 879 2705 virga
915 2661 1059 2704 percuti

218 2729 310 2770 sccii
326 2754 336 2767 ‚
366 2733 405 2762 ut
433 2729 536 2772 cnjus
558 2729 665 2763 verba
688 2733 942 2769 eontemserat,
981 2730 1056 2764 sal-

1198 2450 1366 2494 gandum
1394 2450 1482 2484 filiae
1513 2450 1722 2493 infantem,
1759 2461 1832 2494 quo
1860 2455 2031 2495 tempore

1197 2519 1257 2553 lac
1282 2531 1431 2554 sumere
1451 2520 1633 2562 debebat,
1659 2525 1804 2555 motum
1830 2521 1958 2562 fuisse,
1986 2533 2031 2555 ne

1198 2601 1244 2623 ex
1269 2590 1444 2624 damnata
1461 2590 1540 2632 jam
1573 2590 1766 2636 sacrilegii
1796 2596 1916 2624 matre
1943 2601 2029 2625 con-

1197 2658 1301 2704 tagio
1334 2660 1503 2702 quaedam
1525 2659 1562 2694 in
1583 2661 1726 2704 prolem
1745 2660 1947 2706 propagari
1972 2661 2029 2695 vi-

1199 2729 1362 2763 deretur.
1441 2730 1490 2763 H.
