2341 3340
1003 168 1072 213 47

88 311 133 351 in
165 308 421 357 catholicos,
459 312 502 348 et
544 317 796 359 quaecunque
829 305 1057 358 Episcopus
1095 303 1439 356 Carthaginiensis
1478 318 1571 346 cum
1611 308 1732 348 Clero
1770 311 2001 364 populoque

89 400 165 430 suo
196 387 250 427 de
281 386 612 427 reconciliatione
646 383 916 423 moechorum
957 386 1000 423 et
1030 383 1325 422 fornicatorum
1362 386 1503 423 contra
1536 384 1660 436 hujus
1699 392 1822 427 sectae
1856 390 2002 441 placita

89 467 284 520 rigidiora
315 465 531 510 statuisset,
569 465 756 514 carperet
786 465 829 500 et
853 461 1059 514 Episcopo
1088 461 1166 513 ipsi
1194 461 1292 500 vitio
1323 461 1447 501 facile
1477 465 1668 502 verteret.
1726 464 1856 514 Quam
1881 463 2017 519 longe‘

90 557 188 585 vero
218 543 439 595 Cyprianus
465 540 641 580 abfuerit
661 541 710 579 ab
734 541 971 592 hujusmodi
994 539 1229 579 dominandi
1245 539 1480 591 cupiditate,
1497 541 1584 592 ipsa
1608 541 1695 594 ejus
1712 541 1763 581 ad
1776 542 2003 595 Episcopos

93 621 335 672 Carthagine
381 620 426 658 in
475 632 593 659 causa
633 618 686 657 de
731 619 931 670 baptismo
978 619 1271 658 haereticorum
1329 621 1596 675 congregatos
1652 619 1804 669 verba,
1857 621 2002 673 quibus

93 699 320 740 Concilium
363 699 546 750 aperuit,
592 700 731 749 aperte
773 700 1119 743 commonstrant:
1177 699 1327 751 Neque
1366 698 1481 737 enim
1518 699 1692 752 quisque
1725 703 1922 739 nostrum
1955 713 2002 740 se

89 773 357 832 Episcopum
392 778 713 831 Episcoporam
749 779 1008 824 constituit,
1060 781 1141 817 aut
1179 776 1410 829 tyrannico
1442 780 1616 816 terrore
1645 775 1706 815 ad
1746 776 2002 829 obsequendi

91 857 393 896 necessitatem
440 857 629 909 collegas
665 869 768 895 suos
807 855 982 908 adigic5
1031 854 1203 908 quando
1250 854 1406 894 habeat
1455 855 1593 894 omnis
1632 855 1880 908 Episcopus
1916 868 2001 909 pro

91 935 269 974 licentia
299 934 514 974 libertatis
550 939 595 974 et
632 935 868 989 potestatis
900 946 995 974 sace
1027 933 1259 973 arbitrium
1289 933 1551 986 proprium,
1598 938 1770 987 tamque
1800 933 2006 986 judicari

93 1012 144 1053 ab
173 997 260 1053 alio
292 1025 381 1052 non
405 1014 569 1066 possit,
603 1027 731 1067 qaam
760 1026 840 1052 nec
867 1013 959 1066 ipse
986 1016 1132 1065 potest
1159 1010 1365 1064 judicare
1376 1008 1423 1048 Π.

268 1090 308 1129 3.
373 1090 556 1129 Incertus
601 1091 778 1142 denique
818 1091 982 1138 haereo,
1037 1102 1088 1129 an
1131 1087 1425 1142 Cartaginiensi
1468 1089 1674 1143 Episcopo
1715 1090 1878 1141 antiqua
1914 1090 2002 1143 jam

92 1173 214 1211 aetate
233 1170 305 1222 jus
323 1168 534 1209 Paschatis
563 1168 837 1209 constituendi
863 1168 1058 1216 tribuam,
1096 1167 1206 1219 quod
1233 1167 1508 1206 Alexandrino
1537 1181 1612 1220 per
1637 1172 1769 1207 totum
1792 1168 2003 1207 Orientem

91 1248 361 1301 competebat.
437 1249 625 1288 Delatum
668 1247 833 1299 quidem
869 1247 930 1285 illi
975 1246 1106 1284 fuisse
1151 1246 1195 1283 in
1237 1244 1420 1283 Concilio
1461 1245 1718 1297 Hipponensi
1763 1258 1868 1286 anno
1907 1245 2002 1285 393.

92 1329 135 1367 et
172 1327 216 1367 in
246 1326 569 1381 Carthaginiensi
608 1327 678 1366 ΙΙΙ.
710 1338 814 1365 anno
850 1324 946 1363 39¹7.
977 1324 1207 1372 celebrato,
1249 1323 1342 1376 lego
1358 1321 1413 1371 123
1467 1322 1651 1363 fortassis
1684 1336 1782 1363 vero
1822 1337 1920 1364 usus
1962 1328 2004 1364 et

93 1405 346 1445 consuetudo
396 1406 518 1457 longe
559 1405 761 1456 antiquior
800 1406 887 1443 erat
929 1403 1021 1442 istis
1063 1402 1295 1442 canonibus.
1379 1401 1517 1440 Habet
1550 1403 1658 1442 enim
1693 1405 1828 1441 textus
1861 1403 2007 1443 abbre⁶

92 1484 313 1524 viationum
352 1482 526 1523 Concilii
566 1483 842 1536 Hipponensis
885 1483 929 1522 in
968 1480 1127 1520 Concili
1170 1480 1493 1532 Carthaginiensi
1540 1480 1611 1519 III.
1653 1482 1827 1522 Placuit
1870 1484 2002 1523 etiam

96 1568 282 1618 propter
320 1576 535 1610 errorem,
576 1564 653 1617 qai
700 1576 816 1620 saepe
854 1563 965 1602 solet
1000 1561 1190 1608 oboriri,
1232 1565 1282 1600 ut
1322 1572 1469 1599 omnes
1498 1560 1729 1611 Africanae
1761 1561 2004 1614 provinciae

95 1642 436 1682 observationem
474 1640 564 1680 diei
598 1641 820 1680 Paschalis
861 1640 911 1680 ab
945 1640 1146 1679 Ecclesia
1183 1641 1340 1677 curent
1378 1638 1575 1690 accipere
1591 1635 1638 1676 13.
1725 1637 1781 1677 Et
1819 1640 2005 1690 superest

94 1731 192 1759 sane
222 1719 330 1757 inter
355 1717 592 1769 Cyprianica
621 1719 856 1772 Computa-s*
886 1718 940 1756 (le
968 1717 1147 1763 Pascha,
1177 1715 1276 1754 licet
1305 1714 1488 1766 spuriuS‚
1518 1715 1613 1753 satis
1639 1717 1775 1754 tamen
1797 1717 2002 1766 antiquus3

94 1796 205 1835 unde
248 1795 546 1847 quodammodo
573 1795 755 1832 firmatur
777 1796 848 1832 illa
881 1795 1041 1845 opinio,
1081 1793 1224 1844 priscis
1253 1793 1341 1843 jam
1370 1790 1763 1842 Carthaginiensium
1792 1793 2004 1846 Episcopis

95 1874 298 1928 paschatis
342 1885 417 1924 per
460 1872 642 1910 Africam
687 1870 960 1910 constituendi
1005 1870 1069 1923 jus
1117 1869 1354 1909 attributum
1402 1867 1592 1907 fuisse14.
1661 1869 1786 1922 Cujus
1839 1871 2005 1922 quidem

95 1951 294 2004 privilegii
325 1963 443 1989 causa
472 1949 691 2000 quaerenda
714 1949 824 1988 forte
851 1950 929 1989 erit
953 1950 997 1988 in
1025 1948 1298 1988 controversia
1328 1947 1436 1986 inter
1461 1946 1619 1986 Asiatas
1650 1951 1692 1987 et
1718 1947 1924 1989 Romanos
1952 1949 2005 1989 de

97 2033 294 2081 tempore,
323 2040 401 2079 quo
431 2028 589 2067 Pascha
622 2028 910 2068 celebrandum
949 2031 1069 2067 esset.
1134 2027 1268 2078 Quum
1297 2026 1408 2065 enim
1438 2024 1735 2065 Alexandrinus
1762 2026 2004 2079 Episcopus,

99 2121 192 2147 cum
217 2107 365 2147 Asiatis
393 2105 613 2154 faceret15,
660 2109 870 2158 computus
899 2101 986 2159 ejus
1015 2106 1066 2145 ab
1092 2105 1424 2157 Occidentalibus
1451 2103 1615 2155 probari
1649 2094 1816 2144 minime
1850 2106 2004 2158 potuit:

124 2259 158 2288 11
184 2260 362 2306 Cypriani
388 2261 514 2307 Opera
543 2273 579 2306 p.
607 2261 688 2296 229.
1096 2259 1132 2288 14
1160 2259 1334 2295 och-ielis
1368 2257 1642 2292 commentarii
1682 2258 1728 2292 de
1755 2259 2002 2303 scriptoribus

1164 2327 1342 2363 Ecclesiae
1352 2327 1495 2363 Latinae
1512 2327 1687 2373 priorum
1705 2338 1769 2363 sex
1787 2327 2001 2363 seculorum

125 2376 161 2404 12
196 2377 333 2411 Canon.
373 2377 407 2412 2.
454 2377 502 2410 cf.
532 2377 658 2411 Fuchs
698 2377 923 2412 Bihliothck
960 2378 1027 2412 der
1166 2410 1202 2443 Ρ.
1226 2397 1284 2433 41.

193 2446 690 2493 Kirchenversammlungcn
713 2449 780 2481 der
797 2447 859 2482 IV.
882 2448 958 2481 und
983 2448 1027 2482 V.

193 2515 474 2550 Jahrhunderts
499 2515 568 2549 III.
590 2529 625 2560 1).
638 2516 694 2552 68.
727 2519 765 2552 et
786 2516 937 2563 Zicgler
957 2517 982 2551 l.
1001 2516 1027 2550 l.

249 2583 317 2618 15⁶
408 2587 421 2617 t
454 2583 499 2618 58
1099 2537 1135 2566 ¹⁵
1159 2537 1255 2571 Vide
1272 2537 1483 2582 Epistolam
1497 2536 1725 2582 synodicam
1746 2536 1907 2572 concini
1924 2537 2001 2571 σω-

194 2597 231 2630 p.
298 2597 330 2617 ο.
357 2595 403 2617 110
425 2610 432 2617 .
502 2609 510 2618 .

1171 2607 1354 2641 sai-censis
1380 2609 1478 2650 apud
1499 2607 1705 2640 Eusebium
1716 2606 1819 2639 ILE.
1832 2607 1873 2639 V.
1895 2617 1924 2640 c.
1943 2605 1999 2640 35.

129 2676 164 2704 13
188 2676 418 2711 schelstrate
437 2676 461 2709 1.
477 2689 506 2710 c.
527 2689 561 2721 p.
580 2676 656 2711 175.
701 2677 825 2712 Codex
841 2677 958 2712 Afric.
971 2677 1029 2712 34.
1171 2677 1229 2710 Cs.
1248 2676 1381 2711 Routh
1405 2676 1490 2710 Rcl.
1512 2675 1634 2710 Sacra:
1653 2676 1683 2710 Ι.
1702 2686 1736 2719 p.
1749 2673 1829 2709 359.
1851 2673 1931 2710 362.

198 2745 341 2780 Concil.
366 2745 483 2779 Asi-ic.
502 2746 535 2779 1.
