2341 3340
1141 145 1240 191 196

234 293 406 334 obscura
435 290 571 330 lucem
593 288 881 328 nanciscuntur
909 299 960 327 ex
987 287 1038 329 iis
1069 300 1160 341 quae
1192 287 1298 327 libro
1324 287 1362 328 1.
1393 288 1445 329 ad
1473 302 1642 330 uxorem
1674 302 1710 330 c.
1735 290 1777 330 3.
1806 290 1952 331 habet:
1994 292 2148 335 Etiam

234 375 281 414 in
303 368 683 426 persecutionibus
713 368 866 408 melius
895 373 961 409 est
989 381 1044 409 ex
1071 368 1288 423 permissu
1312 369 1480 421 sugere
1513 370 1567 410 de
1605 370 1789 424 oppido,
1833 384 1960 424 quam
1995 372 2149 427 depre-

231 452 410 492 hensum
442 455 487 490 et
514 450 748 489 distortum
775 461 954 501 negare.
1012 448 1152 501 Atqui
1177 447 1256 486 isti
1283 446 1529 495 beatiores,
1572 450 1646 502 qui
1683 450 1833 489 valent
1870 449 1987 490 beati
2025 452 2148 491 testi-

232 531 371 571 monii
407 529 678 581 confessione
719 539 809 566 non
843 526 1057 567 excidere.
1127 524 1277 564 Postea
1320 536 1419 564 vero
1460 526 1701 579 rigidiorem
1746 527 1842 566 tulit
1878 527 2148 568 sententiam:

236 610 350 651 Novi
379 613 423 648 et
452 612 656 661 pastores
688 619 856 654 eorum,
899 604 1226 652 catholicorum,
1269 602 1363 643 haec
1397 608 1495 644 sunt
1523 605 1611 657 ejus
1639 605 1763 645 verba
1793 606 1886 657 libr.¹
1917 605 1969 644 de
1998 617 2150 646 corona

232 700 267 727 c.
298 688 336 726 1.
385 689 431 727 in
460 700 568 740 pace
605 687 776 732 leones,
817 685 864 724 in
897 685 1067 738 proelio
1100 696 1262 724 cervos.
1329 681 1419 722 Nec
1458 683 1763 723 excusationem
1803 684 1980 724 admittit
2020 684 2149 737 ipsam

229 767 387 807 veniam
419 778 442 805 a
466 764 632 804 Christo
660 763 812 803 Matth.
835 762 887 803 X.
915 762 983 802 23.
1013 774 1261 803 concessam.
1317 763 1416 804 Hoc
1443 765 1558 803 enim
1588 763 1839 815 emigrandi
1863 768 2149 818 praeceptum,

230 847 286 886 ait
316 845 368 884 de
397 844 495 896 fuga
525 856 558 881 c.
586 841 672 880 6.¹4
705 843 811 882 solis
846 843 1071 896 Apostoli-s·
1112 843 1263 884 datum
1299 857 1392 884 esse
1429 841 1603 896 (Matth.
1625 839 1675 880 X.
1705 836 1818 893 25.)‚
1857 841 2062 896 quamdiu
2100 842 2150 882 in

230 925 386 966 Judcea
438 921 663 974 evangelii
690 919 927 972 fundandi
968 932 1102 960 causa
1149 927 1295 961 essent
1338 924 1515 962 victuri.
1609 919 1657 960 In
1701 921 1766 960 sui
1810 932 1908 960 vero
1952 920 2149 973 temporis

231 1001 498 1048 Christianos,
527 999 713 1052 inprimis
734 997 873 1046 Afros,
911 997 972 1037 sic
999 997 1208 1038 invehitur
1239 995 1316 1052 (de
1345 1011 1496 1039 corona
1519 999 1576 1049 1.)
1607 1000 1850 1040 Mussitant
1878 1001 2148 1055 scripturas.-

230 1083 478 1135 emz‘grare,
539 1080 740 1119 sarcinas
796 1077 1032 1132 expedire,
1075 1079 1210 1131 sugae
1259 1079 1435 1132 accingi
1483 1078 1537 1118 de
1589 1079 1769 1118 civitate
1817 1080 1864 1118 in
1909 1079 2144 1119 civitatem.

228 1162 408 1204 Nullam
435 1160 549 1200 enim
580 1159 713 1198 aliam
746 1158 992 1211 Evangelii
1017 1155 1186 1206 matth.
1215 1157 1244 1196 l.
1272 1153 1330 1210 c.)
1365 1158 1616 1198 memoriam
1647 1161 1821 1197 curant.
1879 1156 2021 1209 Longe
2048 1167 2146 1195 vero

227 1241 365 1282 mitius
392 1241 485 1292 post
512 1236 811 1276 Tertullianum
848 1239 1078 1276 statuerunt
1107 1235 1334 1288 Cyprianus
1371 1240 1413 1276 et
1446 1235 1776 1283 Commodianus.
1838 1234 1958 1274 Prior
1979 1262 1992 1283 ‚
2037 1233 2148 1287 quod

230 1332 372 1362 omnes
400 1320 568 1365 norunt,
611 1316 700 1369 ipse
729 1329 774 1355 se
803 1315 900 1370 fuga
930 1314 1150 1364 subduxit,
1189 1320 1232 1356 et
1260 1316 1366 1355 libro
1400 1316 1453 1354 de
1484 1316 1605 1368 lapsis
1633 1328 1673 1367 p.
1701 1313 1796 1354 122.
1827 1313 2062 1355 secundum
2091 1312 2151 1354 ad

227 1402 416 1455 gloriam
444 1398 631 1451 gradum
660 1395 785 1444 dixit,
826 1399 956 1435 cauta
985 1397 1223 1435 secessione
1257 1395 1526 1436 subtractum
1551 1396 1740 1437 Domino
1769 1407 2012 1436 reservare.
2078 1390 2149 1432 Sic

228 1490 390 1532 quoque
420 1474 736 1516 Commodianus
769 1474 1042 1513 Instructione
1068 1473 1136 1513 50.

551 1554 855 1605 Transfluviat
888 1554 1054 1594 hostis.-
1105 1553 1172 1593 Tu
1208 1552 1286 1593 sub
1327 1552 1496 1593 latebra
1539 1553 1697 1593 conde:

552 1635 648 1675 Aut
681 1635 722 1673 si
756 1633 931 1673 intrare
971 1637 1139 1687 potest,
1190 1633 1232 1672 si
1267 1646 1423 1679 necne,
1473 1646 1530 1672 ne
1565 1646 1697 1673 cessa.
1741 1621 1745 1623 λ

556 1712 752 1768 Undique
789 1718 834 1753 te
863 1711 998 1753 redde
1034 1717 1199 1760 tutum,
1246 1716 1450 1766 tuosque;
1486 1712 1643 1752 vicisti.

554 1793 643 1833 Res
676 1793 856 1844 infamis
891 1793 996 1839 erit,
1044 1792 1088 1831 si
1117 1792 1213 1844 quis
1251 1805 1298 1831 se
1324 1792 1536 1846 propalat
1572 1791 1699 1831 hosti.

550 1873 618 1914 Et
655 1872 896 1925 vigilanter
934 1884 1039 1924 age,
1087 1883 1145 1910 ne
1181 1871 1273 1924 quis
1305 1872 1508 1910 incurrat
1550 1871 1597 1910 in
1639 1870 1743 1910 illa!

229 1951 379 1993 Svadet
416 1951 541 2004 igitur
579 1951 622 1990 in
654 1949 939 2000 persecutione
972 1949 1112 2001 fugam
1145 1951 1215 1988 aut
1246 1949 1434 1987 latebras.
1502 1947 1679 1987 Omnino
1708 1950 1846 1996 vetat,
1881 1959 1934 1987 ne
1966 1947 2056 2000 quis
2082 1947 2144 1989 in-

229 2036 388 2080 currat,
433 2043 486 2071 ne
517 2031 607 2083 quis
637 2041 681 2068 se
711 2028 874 2077 offerat3
922 2027 1099 2079 denique
1128 2027 1184 2066 ait
1214 2028 1529 2075 Christianum,
1572 2028 1649 2081 qui
1683 2040 1729 2067 se
1767 2028 1886 2068 hosti
1913 2029 2142 2082 propalat,

228 2126 318 2152 esse
351 2112 425 2151 sui
451 2112 587 2164 ipsius
610 2106 938 2163 proditorem15.

405 2187 447 2228 3.
503 2188 662 2227 Praeter
676 2186 768 2234 hos,
791 2186 859 2238 qui
879 2185 975 2237 fuga
1001 2198 1086 2225 suae
1115 2185 1233 2225 saluti
1258 2184 1536 2234 consulebant,
1567 2184 1636 2225 alii
1657 2183 1829 2237 pecunia
1844 2184 2142 2237 magistratibus

227 2268 504 2321 militibusque
531 2267 662 2307 soluta
691 2265 991 2318 persecutionis
1026 2265 1209 2318 pericula
1239 2263 1497 2304 redimebant
1509 2262 1565 2312 ¹⁶3
1610 2275 1745 2313 neque
1780 2260 1929 2314 singuli
1967 2266 2141 2304 tantum-

250 2398 287 2427 14
314 2400 430 2434 Hunc
460 2398 692 2434 Tertulliani
721 2398 864 2432 librum
902 2395 948 2428 de
979 2395 1075 2439 fuga.
1112 2407 1158 2430 ex
1230 2394 1265 2423 15
1289 2394 1352 2430 Sic
1385 2393 1729 2428 Schurzfleischius
1761 2394 1802 2428 in
1829 2394 1995 2429 editione
2026 2394 2138 2430 Com-

319 2469 507 2504 Noesselti
527 2468 713 2504 sententia
738 2467 807 2510 (ΙΙ.
828 2478 862 2510 p.
883 2464 937 2510 ¹7.)
968 2476 1064 2499 anno
1088 2465 1158 2499 202
1300 2464 1468 2503 mediani
1507 2464 1609 2498 hunc
1640 2465 1769 2498 locum
1798 2465 1911 2509 paulo
1942 2464 2136 2500 obscurio—

317 2539 524 2584 scriptum‚
550 2538 756 2572 Morcellus
779 2549 814 2582 p.
835 2534 892 2571 96.
920 2536 968 2569 ad
988 2540 1158 2569 extrema
1297 2546 1379 2569 rem
1403 2534 1576 2579 explicat.
1624 2534 1725 2569 Eum
1752 2535 1924 2580 sequitur
1947 2533 2133 2570 Davisius.

321 2609 402 2651 ejas
424 2608 562 2651 rejicit,
597 2612 635 2643 et
657 2609 803 2642 editum
827 2610 936 2652 putat
957 2616 1052 2640 anno
1074 2604 1154 2640 236.
1518 2591 1520 2593 .

319 2679 393 2712 Per
412 2683 572 2722 quatuor
592 2679 715 2723 capita
738 2678 813 2713 6-9.
841 2679 975 2723 fugam
997 2687 1156 2722 magno-
1230 2674 1265 2704 16
1288 2676 1346 2712 Ad
1366 2674 1570 2721 Scapulam
1597 2687 1627 2711 c.
1649 2674 1706 2710 12.

316 2761 406 2794 pere
433 2749 635 2793 improbat.
