2341 3340
1154 99 1188 146 2

373 240 414 279 2.
477 239 581 279 Haec
602 251 699 279 vero
723 241 877 292 Africa
896 240 940 280 in
963 243 1045 281 tres
1070 240 1328 281 dividebatur
1345 240 1615 282 Provincias.
1665 237 1817 287 Prima,
1844 240 2004 294 Africa
2023 240 2130 282 Pro·

206 319 452 363 consularis
483 319 618 368 dicta,
658 319 776 359 initio
807 321 1156 372 complectebatur
1181 320 1405 372 Syrticam,
1443 319 1769 372 Tripolitanam4
1805 319 2061 371 Byzacenam
2090 322 2133 360 et

206 400 486 452 Zeugitanam.
543 398 581 438 A
595 398 847 439 Proconsule
869 412 992 451 quem
1008 399 1180 439 Senatus
1195 400 1304 438 misit
1325 399 1545 450 regebatur
1559 412 1633 451 per
1653 399 1888 447 triennium,
1910 397 2132 448 interdum,

204 490 242 518 v.
264 492 301 519 c.
330 492 353 519 a
377 478 598 527 Gordiano,
624 491 700 531 per
722 479 1057 530 quinquennium,
1085 478 1291 517 interdum
1311 477 1467 515 duobus
1488 478 1632 517 saltem
1648 479 1776 518 annis.
1829 477 1890 516 De
1905 476 2131 525 Numidia,

206 572 298 612 quae
327 558 425 598 olim
449 558 699 598 Massinissae
727 552 930 610 paruerat,
962 558 1186 605 incertum,
1217 559 1355 595 utrum
1383 568 1545 607 semper
1577 557 1787 607 proprium
1818 555 2010 594 habuerit
2031 554 2133 595 Pro-

206 637 418 678 consulem
452 638 518 676 vel
555 637 782 676 Praetorem
817 639 886 675 aut
921 635 1177 683 Praesidem;
1226 633 1335 686 quod
1366 633 1532 685 quidem
1560 634 1678 672 initio
1711 633 1884 682 accidit,
1930 646 2053 685 quum
2082 631 2129 672 C.

203 716 337 758 Julius
370 715 509 755 Caesar
531 716 588 755 ibi
618 715 664 754 C.
694 715 883 767 Crispum
912 713 1149 753 Sallustium
1177 725 1271 751 cum
1292 712 1465 765 imperio
1497 712 1753 764 reliquisset3
1797 726 1848 752 an
1875 715 2016 765 postea
2037 724 2132 765 pro-

204 796 352 836 vinciae
367 794 673 835 Proconsularis
703 807 796 846 pars
825 793 951 832 veluti
978 793 1117 832 habita
1145 791 1286 831 fuerit.
1341 791 1551 830 Habemus
1575 794 1711 831 tamen
1734 791 1810 831 sub
1833 791 2039 831 Antonino
2053 790 2133 831 Pio

206 874 404 915 Tuscium
430 873 678 913 Fuscianum
709 872 932 914 Numidia?
960 872 1178 925 Legatum
1189 870 1220 920 5,
1257 873 1300 911 et
1332 870 1405 909 sub
1436 869 1678 920 Commodo,
1707 874 1775 911 aut
1804 871 1940 923 potius
1965 869 2132 919 Severo,

205 957 252 994 ut
278 965 456 993 marmor
474 951 729 992 Veliternum
758 951 893 998 docet,
926 949 1096 989 Sextum
1127 949 1295 991 Varium
1324 949 1583 998 Marcellum,
1613 950 1850 991 Proesz‘dem
1861 948 2131 998 Numidiae⁶;

204 1031 318 1072 unde
344 1031 556 1084 probabile
586 1029 654 1077 fit,
692 1032 786 1080 post
814 1028 1067 1068 Hadrianum
1089 1029 1243 1078 saltim,
1281 1029 1361 1069 nisi
1389 1031 1501 1083 prius
1526 1033 1568 1069 ct
1603 1030 1653 1069 ab
1680 1030 1821 1078 initio,
1849 1028 2083 1068 Numidiam
2110 1040 2133 1067 a

203 1109 494 1151 Proconsulari
523 1107 664 1147 Africa
694 1107 825 1147 fuisse
855 1111 1094 1160 separatam.
1151 1107 1293 1147 Tertia
1321 1110 1531 1161 provincia
1569 1112 1660 1148 evat
1690 1110 2001 1156 BIauretam'a‚
2041 1109 2134 1160 post

203 1201 349 1230 necem
377 1187 593 1228 Ptolemaei
623 1186 776 1239 Regis,
810 1200 834 1227 a
866 1186 965 1239 Cajo
996 1187 1169 1235 sublati,
1207 1187 1251 1226 in
1287 1186 1386 1227 duas
1420 1188 1648 1240 provincias
1677 1187 1826 1233 divisa,
1861 1186 2133 1238 Tingitanam,

204 1269 271 1308 cui
304 1268 465 1320 adjecta
508 1268 596 1305 erat
630 1265 824 1306 Numidia
861 1265 1085 1318 Syphacis,
1131 1268 1173 1305 et
1217 1264 1551 1316 Caesareensem,
1592 1267 1648 1306 ab
1685 1266 1902 1318 Equitibus
1939 1265 2134 1305 Romanis

206 1348 555 1388 Prot-aratorum
583 1345 750 1386 nomine
766 1344 939 1385 Caesaris
958 1345 1033 1385 sub
1057 1346 1248 1398 auspiciis
1267 1345 1468 1398 regendas
1479 1345 1509 1383 7.
1568 1345 1779 1385 Interdum
1803 1348 1939 1384 tamen
1962 1348 2136 1397 utraque

205 1426 279 1466 uni
306 1424 625 1465 administranda
647 1423 1016 1464 committebam-8.
1075 1424 1189 1464 Nova
1207 1438 1304 1464 vero
1319 1424 1475 1464 Afrieae
1492 1425 1535 1464 in
1553 1437 1625 1465 sex
1639 1424 1866 1477 provincias
1888 1423 2135 1472 distributio,

205 1518 330 1558 quum
368 1504 623 1556 temporibus
667 1503 926 1543 Constantini
967 1503 1079 1544 facta
1118 1504 1324 1553 videatur,
1371 1504 1644 1556 antiquiorem
1685 1504 1887 1543 Ecclesiae
1927 1503 2135 1543 Africauae

207 1587 372 1623 aetatem
408 1581 519 1622 haud
560 1582 704 1634 tangit.
776 1581 927 1622 Postea
970 1586 1131 1635 Septem
1179 1583 1497 1623 numerabantur
1531 1583 1773 1622 Provinciae.
1842 1581 1936 1621 Hoc
1978 1584 2136 1621 tantum

205 1652 470 1709 monendum,
494 1660 827 1700 Ecclesiasticam
844 1660 997 1700 Africae
1028 1661 1271 1700 divisionem
1292 1661 1402 1700 haud
1423 1662 1575 1712 ubique
1604 1665 1819 1712 sequutam
1842 1673 1933 1700 esse
1949 1660 2132 1702 Civilem.

207 1739 426 1793 Tingitana
457 1739 568 1778 enim
598 1737 828 1777 Provinciae
856 1737 1185 1790 Carthaginiensi
1215 1751 1380 1791 semper
1416 1737 1679 1778 adnumerata
1711 1738 1811 1778 estss.

255 1893 275 1922 4
307 1894 366 1928 Ex
410 1893 504 1928 actis
549 1893 712 1928 Concilii
754 1893 1080 1939 Carthaginiensis
1128 1904 1153 1929 a
1245 1896 1264 1923 8
1288 1894 1517 1939 Exemplum
1547 1894 1673 1929 adfert
1694 1893 1851 1930 Tacitus
1881 1895 1981 1930 Hist.
2007 1895 2057 1929 11.
2076 1894 2134 1931 58.

303 1963 496 2009 Cypriane
541 1962 747 2005 celebrati,
794 1963 859 1997 cui
891 1963 1153 2001 interfuerunt
1248 1961 1270 1991 9
1289 1963 1414 2006 Pauli,
1445 1964 1586 1999 Bobbae
1608 1975 1644 1999 v.
1665 1963 1797 2006 Obbae,
1818 1965 1865 1998 ad
1885 1964 2136 2010 Tingitanam
2163 1983 2166 1988 ·

303 2033 484 2078 Episcopi
508 2033 625 2076 hujus
649 2032 867 2078 provinciae,
903 2036 1032 2078 patet,
1066 2045 1153 2069 cam
1294 2034 1533 2080 provinciam
1547 2034 1783 2080 pertinentis,
1807 2033 1986 2079 Episcopi
1998 2046 2136 2070 nomen

297 2103 437 2137 Africae
451 2102 1152 2147 proconsulariadnumeratamfuisse.
1293 2103 1460 2149 legimus
1494 2103 1534 2138 in
1577 2102 1747 2138 Concilio
1783 2103 1966 2148 Cypriani
1995 2114 2030 2140 a.
2063 2104 2136 2148 255

257 2172 276 2202 5
298 2172 343 2207 In
373 2172 533 2218 Digesto
567 2172 646 2207 Tit.
680 2173 723 2207 V.
781 2173 838 2206 Dc
870 2171 1026 2218 Legatis
1059 2184 1153 2216 proe-
1301 2174 1448 2209 habito.
1506 2174 1556 2208 cf.
1589 2184 1737 2218 quoque
1775 2172 1944 2218 Ziegleri
1964 2198 1975 2215 ,
2020 2173 2137 2208 amici

305 2242 460 2278 standis.
485 2241 555 2277 ubi
585 2241 815 2276 Constitutio
835 2241 1000 2277 Antonin
1024 2241 1098 2276 Pii.
1303 2242 1632 2284 desideratissimi,
1660 2242 1890 2277 Geschichte
1913 2241 1980 2279 der
2002 2242 2137 2278 kirch-

259 2313 276 2342 6
311 2313 366 2346 De
407 2316 571 2356 utroque
607 2312 657 2346 cf.
689 2311 920 2347 Morcellum
960 2312 990 2347 Ι.
1035 2324 1071 2357 p.
1097 2311 1155 2346 22.
1298 2313 1427 2348 lichen
1444 2312 1847 2359 Verfassungssormen
1875 2310 1912 2347 in
1939 2312 2009 2347 den
2028 2312 2137 2348 seclis

308 2393 422 2427 quem
458 2381 497 2417 in
535 2381 611 2416 hac
638 2381 927 2426 provinciarum
955 2391 1156 2417 enumera·
1300 2386 1423 2418 ersten
1434 2383 1750 2418 Jahrhunderten
1772 2382 1837 2419 der
1851 2381 1995 2419 Kirche
2014 2381 2136 2429 (Lips.

309 2451 412 2486 tione
448 2455 598 2485 secutus
626 2462 725 2486 sum.
1298 2452 1409 2498 17³8)
1439 2465 1474 2499 p.
1496 2453 1554 2489 99.

264 2519 281 2547 7
305 2521 422 2556 Plinii
442 2521 542 2556 I-Iist.
558 2520 643 2556 Nat.
664 2521 707 2555 V.
730 2519 763 2556 1.
790 2519 918 2556 Taciti
939 2520 1041 2557 Hist.
1057 2520 1085 2556 I.
1099 2521 1155 2557 11.
