2341 3340
1144 119 1244 167 204
1291 193 1295 195 Β

233 273 411 316 redeunt
452 280 544 321 quae
581 267 634 308 de
674 245 981 318 Magistratibus
1028 262 1101 302 illo
1143 264 1330 312 tempore
1372 259 1601 300 Provinciae
1643 257 1802 300 Africae
1843 259 2054 312 praefectis
2104 272 2155 301 ex

233 352 476 403 antiquitate
524 347 613 388 erui
659 347 840 399 possunt.
909 343 1067 384 Paucas
1110 341 1326 392 hucusque
1373 339 1665 392 Inscriptiones
1709 339 1880 390 protulit
1931 339 2157 389 desolatum

234 430 493 484 Carthaginis
529 428 681 474 solum,
725 429 769 465 et
797 423 947 464 desunt
982 423 1059 462 hac
1091 419 1263 474 periodo
1297 419 1411 458 numi
1447 419 1492 458 in
1528 418 1619 458 istis
1650 417 1887 471 regionibus
1922 418 2023 458 cusi.
2079 415 2158 459 Vix

233 513 359 567 igitur
387 507 630 561 sperandum
663 508 746 554 est,
785 504 911 544 hasce
942 502 1133 542 tenebras
1165 510 1342 549 unquam
1370 498 1530 550 pulsum
1559 497 1624 537 iri.

414 590 455 628 8.
539 587 674 639 Quum
722 584 846 637 igitur
893 581 994 622 ordo
1040 578 1357 630 chronologicus
1402 577 1565 616 restitui
1607 580 1808 628 nequeat,
1862 576 1914 616 de
1951 578 2159 628 tempore,

235 685 316 725 quo
355 667 504 722 singuli
536 666 606 719 qui
647 663 1016 704 commemorantur
1053 658 1260 710 Martyres
1294 668 1370 709 pro
1410 657 1611 708 religione
1644 657 1930 705 occubuerint,
1968 656 2027 697 nil
2057 656 2161 695 certi

234 755 414 792 statuere
463 748 576 788 licet.
661 744 819 786 Multos
867 741 992 782 habet
1031 736 1373 790 Martyrologium
1413 734 1644 775 Romanum
1686 735 1752 774 vel
1799 734 2046 789 Carthagine
2095 735 2162 775 vel

234 832 278 872 in
311 830 450 870 Africa
479 837 638 879 passos,
679 825 766 864 sine
798 825 894 862 nota
924 819 1143 871 temporis3
1176 829 1299 870 saepe
1328 829 1381 857 ne
1417 815 1688 868 Imperatores
1721 813 1889 867 quidem
1917 814 2161 854 indicantur.

235 908 439 960 Equidem
471 917 554 943 non
578 905 614 942 is
642 914 746 948 sum,
787 900 856 950 qui
882 909 1044 937 omnem
1074 896 1373 947 Martyrologio
1405 895 1617 944 Romano,
1654 897 1799 947 utpote
1841 893 1951 944 quod
1979 905 2164 945 magnam

236 991 392 1041 partem
429 996 480 1022 ex
505 981 675 1022 vetustis
703 977 958 1019 Kalendariis
997 973 1219 1014 conflatum
1251 976 1341 1022 est,
1381 973 1509 1011 fidem
1548 974 1768 1026 denegem3
1820 975 1861 1013 at
1895 973 1967 1012 ubi
2007 975 2165 1012 tantum

235 1066 400 1108 nomina
434 1062 702 1107 exhibentur,
739 1059 844 1098 nihil
872 1056 925 1097 ad
952 1056 1116 1096 lacunas
1150 1051 1336 1092 historiae
1375 1050 1596 1103 explendas
1632 1053 1863 1092 conferunt.
1940 1051 2055 1091 Idem
2084 1050 2165 1090 hoc

237 1143 493 1188 statuendum
531 1143 595 1181 est
637 1139 689 1178 de
741 1137 872 1177 veteri
910 1133 1157 1175 Kalendario
1204 1131 1533 1185 Carthaginiensi
1576 1131 1684 1183 apud
1729 1131 1972 1170 Ruinartum
1994 1128 2043 1169 43.
2119 1129 2167 1169 In

237 1223 455 1278 Augustini
496 1219 753 1262 sermonibus
797 1217 1015 1257 laudantur
1057 1225 1221 1264 quoque
1263 1211 1496 1264 Martyres,
1547 1214 1590 1251 et
1631 1212 1675 1251 in
1705 1210 1772 1250 his
1809 1210 2166 1258 Thuburbitanae,

238 1317 330 1357 quae
361 1303 461 1342 licet
498 1315 520 1342 a
548 1300 686 1340 multis
722 1302 763 1338 et
801 1298 850 1338 ab
886 1288 976 1349 ipso
1009 1294 1190 1334 Doctore
1228 1291 1486 1344 Hipponensi
1522 1303 1597 1344 pro
1627 1291 1834 1344 Perpetua
1871 1293 1913 1330 et
1948 1289 2166 1329 Felicitate

239 1384 486 1429 habeantur,
527 1392 626 1431 quas
652 1392 733 1419 una
764 1391 857 1418 cum
894 1375 1016 1416 sociis
1046 1371 1282 1412 Thuburbii
1311 1383 1448 1423 passas
1485 1383 1575 1411 esse
1608 1368 1854 1419 statuunt‘ss,
1891 1369 2004 1410 haud
2033 1372 2169 1410 tamen

240 1462 363 1502 dubie
392 1463 487 1501 suut
515 1460 584 1499 alii
613 1471 704 1497 cum
731 1458 847 1497 hisce
879 1452 1122 1508 permutati,
1165 1463 1336 1502 quorum
1368 1462 1466 1489 vero
1494 1451 1691 1491 memoria
1720 1449 1890 1489 interiit.
1973 1448 2170 1502 Legimus

173 1566 179 1570 -
241 1546 375 1582 autem
435 1540 480 1578 in
539 1536 786 1577 Kalendario
839 1529 1169 1585 Carthaginiensi
1220 1529 1273 1567 ad
1322 1528 1350 1567 3
1405 1528 1608 1568 Kalendas
1665 1529 1866 1580 Augusti:
1951 1529 2169 1569 Memoria

239 1622 509 1663 Sanctarum
547 1616 979 1659 lezcburhz’canarzcm
1021 1617 1065 1652 et
1106 1609 1356 1663 Septimiae,
1401 1621 1520 1660 quam
1557 1620 1720 1659 quoque
1760 1607 2006 1660 ignoramus.
2075 1606 2170 1646 I-Iuc

242 1701 364 1741 etiam
392 1698 507 1738 refer
542 1709 611 1744 ea,
652 1708 744 1746 quae
775 1694 903 1734 habet
931 1691 1159 1744 Cyprianus
1199 1687 1251 1727 de
1287 1688 1409 1739 lapsis
1450 1701 1489 1740 p.
1517 1687 1613 1726 127.
1644 1686 1696 1726 de
1727 1687 1857 1728 Casto
1892 1692 1937 1727 et
1966 1670 2170 1734 Aemilio,

242 1779 389 1832 quibus
427 1778 666 1820 Dominum
713 1773 948 1828 aliquando
996 1771 1216 1825 ignovisse
1245 1767 1369 1816 dicit,
1416 1767 1460 1821 id
1499 1770 1593 1816 est,
1645 1766 1714 1817 qui
1759 1766 1972 1818 apostasiae
2012 1766 2170 1806 veniam

240 1859 443 1913 Martyrio
479 1855 620 1908 adepti
648 1852 819 1894 erant45.
875 1851 933 1891 Hi
965 1850 1008 1890 in
1037 1850 1167 1903 prima
1195 1848 1284 1888 acie
1318 1846 1580 1886 succubuisse
1609 1844 1821 1893 videntur,
1864 1844 2059 1897 deinceps
2087 1844 2171 1885 for-

246 1943 2169 1967 ..--...-...--——--—————-——-—-—-————--————--————-—·--

267 2017 302 2045 43
325 2016 456 2052 Hocce
477 2011 752 2049 Kalendarium
775 2013 929 2046 erutum
960 2009 1037 2043 fuit
1059 2019 1082 2043 a
1102 2007 1187 2042 Ma·
1331 2004 1470 2040 codicis
1493 2004 1662 2039 indicare
1687 2003 1828 2049 poterit
1849 2002 2004 2046 aliquod
2023 2012 2171 2047 magnae

337 2084 499 2121 billonio
523 2095 568 2117 ex
600 2081 798 2116 veteribus
828 2078 1060 2115 membranis
1091 2090 1186 2123 pene
1331 2073 1576 2119 Carthaginis
1593 2074 1834 2109 suburbium.
1885 2073 2063 2107 Ceterum
2084 2082 2172 2107 con·—

340 2153 503 2190 corrosis
542 2151 770 2186 Mouasterii
818 2149 1100 2190 Cluniaoensis,
1148 2152 1188 2183 et
1329 2145 1412 2180 sule
1452 2144 1689 2178 Ruinartum
1739 2143 1780 2178 in
1820 2142 1926 2177 actis>
1952 2141 2172 2187 Martyrum

340 2238 428 2261 cum
458 2222 647 2258 Ruinarto
676 2220 1020 2263 communicatum,
1055 2218 1121 2264 qui
1146 2217 1187 2255 in
1330 2226 1367 2260 p.
1389 2214 1446 2250 82.
1473 2216 1506 2258 ἓ.
1526 2214 1584 2249 30.
1609 2215 1657 2249 ab
1694 2212 1830 2254 initio,
1878 2215 1916 2246 et
1942 2211 2170 2247 Morcellum

339 2291 813 2339 ActisMartyrump.692.
834 2290 963 2325 edidit.
992 2289 1187 2334 Scriptum
1327 2296 1363 2330 p.
1392 2284 1449 2319 57.
1485 2287 1524 2318 ct
1554 2283 1612 2319 58.
1647 2283 1713 2328 qui
1752 2282 1983 2327 Perpetuam
2015 2281 2172 2328 eJusque

341 2366 498 2401 videtur
526 2362 636 2399 initio
663 2361 939 2407 persecutionis
959 2359 1186 2395 Vandalicae.
1328 2353 1450 2390 socios
1485 2352 1605 2389 fuisse
1647 2352 1792 2389 statuit.

273 2460 309 2490 u
333 2459 515 2496 Sermone
533 2455 749 2491 345.T0mo
762 2456 805 2489 V.
833 2453 1010 2489 editionis
1022 2453 1187 2488 Maurin.
1261 2447 1298 2478 45
1321 2449 1378 2484 De
1402 2446 1520 2493 lapsis
1550 2459 1586 2492 p.
1614 2445 1695 2482 127.
1755 2445 2026 2485 Excusationes
2057 2443 2171 2480 affert

342 2530 419 2566 Sed
450 2528 492 2563 in
525 2525 668 2568 codice,
695 2536 740 2560 ex
768 2536 841 2570 quo
878 2523 1088 2570 exscriptus
1119 2527 1188 2565 est,
1330 2531 1477 2561 eorum,
1521 2517 1587 2563 qui
1615 2516 1735 2552 coacti
1774 2528 1796 2551 a
1835 2515 1987 2551 Christo
2020 2514 2170 2549 defece-

343 2600 427 2635 loco
461 2597 796 2633 Tuburbitanarum
832 2594 976 2641 legitur
1014 2593 1187 2628 Suburbi-
1268 2637 1271 2641 v
1330 2593 1441 2633 runt3
1470 2589 1606 2623 deinde
1626 2587 1775 2634 pergit:
1803 2591 1923 2632 potest
1941 2586 2015 2630 vczjco
2040 2584 2089 2618 ad
2111 2595 2169 2617 vc-

343 2675 529 2706 tanarnm.
578 2667 772 2701 Incertum
796 2665 918 2712 igitur
938 2668 993 2699 est
1011 2654 1186 2698 D'octoris
1329 2661 1429 2695 niam
1443 2660 1622 2705 proficere
1650 2669 1766 2692 causa
1793 2656 1902 2697 tal1·s,·
1930 2658 2048 2699 potest
2072 2654 2171 2696 ejus—

345 2737 600 2784 }lipponcnsis
628 2736 912 2778 testimonium3
948 2733 1063 2770 lectio
1084 2732 1185 2768 enim
1327 2730 1424 2765 modi
1444 2729 1626 2765 excusatio
1656 2739 1730 2762 csse
1755 2725 1976 2761 miserabilis.
2027 2724 2086 2758 Sic
2115 2724 2172 2757 hic
