2341 3340
1198 115 1297 164 234

289 263 536 313 nominabat,
563 262 637 305 sed
666 263 842 304 domina.
887 260 943 302 Et
971 274 1049 316 ego
1071 260 1260 303 dolebam
1284 260 1446 302 canos‘31
1471 259 1598 315 patris
1627 259 1724 308 mei,
1753 258 1865 313 quod
1886 259 1996 300 solus
2020 259 2210 314 passione

289 359 381 386 mea
422 345 629 397 gavisurus
666 357 750 385 non
785 345 896 383 esset
933 341 987 382 de
1026 346 1114 383 toto
1155 354 1306 396 genere
1336 353 1430 381 meo
1445 340 1503 381 ⁶2:
1542 344 1585 381 et
1620 339 1847 381 confortavi
1882 352 2000 389 eum,
2043 337 2210 383 dicens:

288 424 380 464 hoc'
402 425 476 464 fiet
505 425 549 464 in
586 425 657 465 illa
698 426 848 463 catasta
861 420 922 471 ⁶³,
970 421 1079 474 quod
1106 422 1217 462 Deus
1252 419 1451 468 voluerit3
1494 419 1596 460 seito
1624 420 1735 460 enim
1776 431 1850 459 nos
1879 429 1962 458 non
1994 418 2039 458 in
2075 421 2213 459 nostra

289 506 493 556 potestate
521 516 612 543 esse
641 502 907 551 constitutos,
945 500 1019 541 sed
1048 501 1090 540 in
1116 500 1214 547 Dei3
1253 503 1294 539 et
1327 498 1499 539 recessit
1527 512 1550 539 a
1577 513 1644 539 me
1673 499 1947 539 contristatus.

468 583 509 622 6.
581 583 674 623 Alio
706 581 795 630 die,
832 593 925 620 cum
962 578 1278 632 pranderemus,
1314 578 1449 618 subito
1488 578 1594 630 rapti
1628 590 1766 618 sumus
1797 581 1843 616 ut
1871 576 2135 616 audiremur:
2171 578 2215 616 et

290 664 556 717 pervenimus·
582 661 634 702 ad
667 661 818 701 forum.
876 658 1034 698 Rumor
1064 658 1198 699 statim
1230 670 1306 710 per
1337 657 1488 697 vicinas
1517 656 1601 697 fori
1627 663 1764 709 partes
1787 655 1979 703 cucurrit,
2008 657 2052 694 et
2080 652 2216 693 factus

292 747 356 782 est
389 743 565 796 populus
592 742 815 782 immensus
829 737 878 778 ⁶4.
922 736 1212 777 ‘Ascendimus
1242 737 1287 776 in
1320 740 1484 776 catasta.
1541 734 1785 788 Interrogati
1822 734 1991 782 caeteri,
2035 731 2216 772 confessi

291 820 441 870 sunt6⁵‚
482 824 647 860 ventum
673 822 736 858 est
760 821 803 856 et
833 816 885 856 ad
915 829 1004 864 me,
1037 819 1080 855 et
1106 815 1291 867 apparuit
1321 819 1439 868 pater
1465 815 1577 856 illico
1603 828 1696 855 cum
1725 814 1810 854 filio
1833 825 1941 862 meo,
1971 815 2013 852 et
2043 810 2216 852 extraxit

291 913 358 941 me
390 899 443 938 de
472 894 668 950 gradu‘ffi,
700 894 962 947 supplicans3
1003 892 1200 931 miserere
1229 892 1432 933 infantiffl.
1489 894 1545 935 Et
1572 894 1805 934 Hilarianus
1833 886 2104 939 Procurator,
2146 886 2218 942 qui

290 982 389 1018 tunc
418 977 510 1017 loco
542 974 805 1015 Proconsulis
834 972 1011 1013 Minucii
1048 970 1270 1011 Timiniani
1306 970 1492 1010 defuncti
1530 972 1601 1024 jus
1637 972 1760 1025 gladii
1801 975 2039 1023 acceperat,
2079 980 2217 1023 parce,

292 1058 438 1108 inquit,
460 1056 570 1096 canis
593 1054 719 1106 patris
737 1053 823 1092 tuiz
842 1063 967 1105 parce
990 1049 1174 1090 infantiae
1191 1050 1324 1102 pueri,
1351 1049 1417 1089 fac
1438 1061 1598 1090 sacrum
1618 1062 1694 1102 pro
1717 1050 1847 1088 salute
1871 1044 2216 1101 Imperatorumffl.

316 1212 351 1241 61
376 1212 440 1248 Sic
465 1212 581 1247 Codd.
604 1210 809 1253 Ruinarti,
836 1220 1000 1254 quorum
1027 1206 1233 1243 lectionem
1305 1205 1341 1235 65
1365 1205 1414 1241 Se
1436 1205 1672 1241 Christianos
1696 1218 1788 1241 esse.
1836 1205 1900 1241 Sic
1911 1204 2099 1240 Eusebius
2110 1203 2161 1238 H.
2171 1203 2217 1242 E.

387 1283 550 1328 praefero
588 1281 848 1316 Holstenianae
889 1291 1039 1315 causam
1069 1278 1155 1320 vel,
1190 1280 1234 1313 ut
1334 1279 1474 1317 „an
1497 1290 1527 1313 c.
1548 1277 1614 1320 15„
1643 1276 1864 1325 Πολύκαρπος
1890 1274 2076 1322 ὡμολόγησε
2102 1271 2217 1311 ἑαυτὸν

387 1353 448 1388 illi
471 1352 592 1398 magiS
616 1350 790 1393 adridet,
817 1361 941 1385 causa.
1374 1346 1554 1398 Χριςιανὸν
1576 1350 1669 1384 εἶναι.
1733 1349 1786 1383 Η.

318 1447 355 1476 62
379 1447 436 1481 Ex
457 1446 517 1480 his
532 1445 660 1480 verbis
673 1444 828 1478 videtur
841 1447 1023 1485 constare,
1050 1446 1087 1478 et
1105 1443 1235 1478 virum
1305 1442 1342 1472 ΒΘ
1376 1443 1525 1478 Gradus
1556 1442 1676 1478 fuisse
1706 1442 1860 1477 videtur
1895 1441 2001 1476 locus
2032 1438 2146 1474 altior
2176 1435 2218 1472 in

388 1520 426 1551 et
444 1518 609 1550 matrem
631 1517 668 1548 et
689 1514 830 1548 fratres
846 1523 975 1548 omnes
997 1516 1035 1547 et
1055 1516 1235 1558 cognatos

389 1586 589 1630 Perpetuae
624 1582 800 1629 (excepto
843 1595 918 1620 uno
947 1583 1076 1629 patre)
1114 1582 1235 1619 fuisse

391 1655 642 1692 Christianos,
712 1654 766 1690 H.

320 1751 357 1780 63
382 1752 535 1787 Catasta
569 1749 725 1796 proprie
757 1752 840 1785 erat
871 1748 977 1784 locus
1006 1747 1170 1791 editior,
1195 1747 1236 1783 in

390 1834 465 1867 quo
498 1822 601 1856 servi
637 1821 790 1855 venales
822 1819 1109 1865 exponebantur
1128 1844 1139 1862 ,
1170 1815 1236 1854 ἀπὸ

391 1893 452 1928 τοῦ
466 1891 652 1937 καταςῆιάι,
676 1891 714 1925 id
737 1893 792 1925 est
812 1891 857 1924 ab
869 1890 1085 1934 exponenda,
1100 1889 1236 1924 dictus.

391 1963 583 2008 Martyres
605 1960 786 1996 similiter
805 1960 843 1994 iu
855 1959 937 1993 loco
950 1959 1050 1994 edito
1070 1963 1237 1994 ostensos

392 2033 513 2067 fuisse
544 2031 684 2076 populo
700 2055 711 2072 ,
744 2041 863 2075 quum
880 2029 1147 2071 ,iudicarentur
1171 2032 1237 2063 aut

391 2104 664 2146 torquerentur
687 2125 698 2142 ‚
754 2102 910 2134 annotat
948 2098 1145 2132 Pamelius
1188 2098 1236 2132 ad

393 2172 503 2217 epist.
523 2169 571 2204 33
596 2168 790 2214 Cypriani.
844 2168 1111 2212 Usurpabatur
1142 2178 1237 2212 quo-

394 2253 468 2287 que
491 2239 536 2275 de
559 2239 742 2284 equuleo,
771 2239 952 2274 tormenti
972 2250 1123 2285 genere.
1170 2237 1237 2273 Sic

392 2310 626 2346 Prudentius
651 2310 809 2355 Hymno
825 2310 942 2356 [περὶ
964 2308 1119 2355 ςεφάνων.
1151 2309 1239 2343 Post

394 2382 465 2416 vim
498 2385 732 2425 crepantum,
772 2383 854 2423 post
897 2385 1062 2414 catastas
1095 2380 1239 2424 igneas.

405 2451 480 2486 Sed
502 2451 582 2485 haec
604 2448 791 2493 posterior
812 2449 915 2484 notio
938 2450 1015 2484 huc
1038 2460 1112 2484 non
1134 2447 1239 2483 facit.

1189 2519 1240 2553 H.

327 2614 362 2642 δὲ
388 2614 578 2648 Immensa
618 2612 748 2658 populi
775 2613 889 2649 turba
915 2614 1147 2659 congregata
1171 2615 1241 2645 est.

1188 2681 1239 2715 H.

1375 1513 1541 1555 catasta,
1572 1524 1685 1557 quem
1709 1512 1855 1558 singuli
1880 1511 1939 1546 rei
1962 1509 2095 1544 ordine
2128 1518 2217 1542 con-

1375 1583 1629 1625 scendebant,
1677 1586 1720 1616 ut
1751 1581 1877 1624 judici
1916 1580 2132 1626 populoque
2172 1587 2217 1610 eo

1374 1653 1499 1700 magis
1521 1656 1644 1688 essent
1675 1651 1880 1697 conspicui.
1929 1649 1994 1684 Sic
2018 1646 2118 1692 apud
2139 1645 2219 1680 Eu-

1377 1723 1529 1758 sebium
1555 1724 1605 1758 Η.
1629 1723 1729 1756 Eccl.
1750 1722 1852 1756 VIII.
1875 1732 1905 1755 c.
1923 1719 1958 1755 9.
1993 1722 2031 1753 et
2059 1719 2103 1753 V.
2129 1729 2159 1753 c.
2184 1717 2218 1751 1.

1377 1793 1418 1829 in
1440 1798 1602 1839 utroque
1622 1793 1706 1827 loco
1727 1792 1816 1838 βῆμα
1839 1791 2077 1836 appellatur,
2102 1798 2124 1823 a
2148 1786 2219 1823 tri-

1377 1863 1530 1906 bunali,
1560 1864 1600 1897 in
1637 1874 1710 1907 quo
1743 1862 1864 1904 judex
1889 1860 2075 1900 sedebat,
2122 1858 2218 1892 bene

1379 1933 1704 1979 distinguendum.
1752 1930 1938 1976 Dionysio
1963 1927 2218 1963 Alexandrino

1379 2004 1480 2048 apud
1508 2002 1671 2037 eundem
1694 2001 1833 2036 Euseb.
1858 2000 1923 2034 VI.
1952 2010 1984 2034 c.
2003 1999 2059 2033 41.
2086 1996 2219 2045 βάθρον

1378 2072 1498 2107 audit.
1567 2073 1618 2106 H.

1308 2164 1345 2194 67
1380 2166 1550 2210 Uterque
1584 2162 1944 2214 Ruinartilcodc'xn
1971 2172 2042 2215 pro
2079 2162 2220 2208 infanti

1378 2234 1497 2270 habet
1525 2247 1633 2269 canos
1661 2245 1765 2269 meos.

1311 2327 1347 2357 68
1372 2329 1481 2363 Hanc
1518 2328 1749 2373 praecipuam
1783 2328 2006 2373 explorandi
2032 2329 2218 2366 rationem

1382 2409 1404 2433 a
1428 2398 1643 2433 Gentilibus
1670 2401 1916 2443 usurpatam,
1942 2399 2112 2435 omnium
2137 2401 2219 2436 sere

1382 2468 1601 2513 Martyrum
1631 2471 1714 2502 acta
1743 2469 1878 2503 docent
1896 2493 1907 2510 ,
1941 2473 1985 2504 ut
2019 2471 2219 2516 repudiata

1383 2538 1622 2573 sacrificandi
1641 2538 1909 2583 superstitione
1930 2539 1967 2574 in
1983 2540 2080 2574 Deos
2102 2541 2218 2575 simul

1382 2612 1420 2645 et
1432 2608 1650 2654 Principem
1670 2609 1903 2644 commisisse
1922 2611 2218 2650 convinceretur.
