2341 3340
1033 161 1133 205 103

121 298 448 338 Christianorum
481 298 562 337 fuit
593 297 806 337 sententia.
872 290 1122 350 Quamquam
1157 311 1233 351 per
1261 303 1537 353 aspersionem
1566 305 1693 347 fuerit
1724 296 2038 361 administratum

122 375 231 416 haud
259 379 395 417 tamen
422 377 657 428 illegitimus
683 375 747 414 vel
777 375 1042 428 imperfectus
1073 377 1315 440 habebatur,
1349 390 1473 430 quum
1506 394 1649 423 omnes
1677 391 1919 429 necessariae
1951 390 2038 432 veri

121 455 310 508 baptismi
349 456 410 494 illi
444 455 625 493 inessent
657 452 926 494 conditiones.
993 453 1064 494 Sic
1102 454 1325 509 Cyprianus
1364 471 1428 510 ep.
1460 460 1528 499 69.
1557 461 1609 501 ad
1641 462 1836 516 Magnum
1873 480 1915 518 p.
1943 467 2037 509 1852.

120 532 312 574 Attamen
338 531 568 583 Cyprianus
606 531 890 572 subdubitasse
924 532 1086 573 videtur
1104 562 1117 583 ‚
1164 547 1296 575 annon
1328 535 1524 590 Episcopi
1555 546 1692 580 essent
1725 528 1778 582 in>
1799 543 1939 584 Africa
1969 541 2038 597 qui

121 618 239 652 secus
267 613 517 661 statuerent;;
562 621 685 662 quare
715 610 766 650 ad
791 610 990 664 Magnum
1023 625 1086 666 ep.
1113 614 1194 653 69:
1238 629 1322 670 qua
1355 617 1401 656 in
1431 631 1481 657 re
1511 620 1678 659 nemim·
1707 623 1968 664 verecundia
1992 628 2036 665 et

124 690 336 731 modestia
363 695 517 729 nostra
543 689 832 744 proejacdicat,
869 704 951 744 quo
983 693 1128 732 minus
1158 696 1449 749 unusquisque
1477 698 1590 750 quod
1614 704 1746 752 putat
1782 702 1960 750 sentiat,
1994 709 2038 745 et

124 767 240 822 quod
266 769 454 808 senserit
470 770 633 820 saciat.
664 782 704 821 p.
723 768 818 809 185.
845 773 887 809 et
914 769 956 808 in
984 769 1127 810 eadem
1156 772 1347 823 epistola:
1392 776 1561 815 nemim·
1578 778 1928 829 praescribentes,
1960 793 2038 833 que

122 846 267 886 minus
295 851 467 887 statuat
494 847 609 900 quod
625 853 762 902 putat
786 849 1076 903 unusquisque
1086 851 1367 905 praepositus‚
1400 859 1523 894 actus
1545 857 1617 895 sui
1632 857 1848 897 racionem
1865 857 2037 898 domino

122 923 374 965 redditurus
400 937 440 976 p.
471 925 565 963 188.
637 924 785 965 clinici
831 938 926 967 vera
963 926 1006 966 in
1040 927 1206 967 Clerum
1247 929 1357 968 haud
1390 930 1513 970 facile
1554 934 1859 985 cooptabantur.
1932 935 2040 986 Qua-

122 1004 302 1054 propten·
332 1014 455 1052 quum
487 1002 678 1052 Novatusg
715 1005 930 1056 apersione
951 1008 1108 1045 tantum
1137 1006 1302 1056 tinctus,
1339 1009 1389 1048 ab
1421 1008 1624 1063 Episcopo
1653 1012 1827 1063 quodam
1854 1011 2038 1054 Romano

123 1077 343 1131 Presbyter
379 1080 527 1129 {Iuisset
562 1082 800 1133 ordinatus,
844 1082 1000 1124 hancce
1031 1085 1120 1137 ejus
1159 1087 1457 1136 promotionem
1493 1102 1741 1142 magnopere
1771 1091 2037 1145 improbatam

121 1154 252 1198 fuisse
279 1158 452 1210 legimus
460 1158 509 1199 ²³.

301 1236 342 1277 4.
398 1239 724 1281 Haereticorum
755 1244 890 1282 autem
917 1243 1154 1296 baptismus
1186 1243 1230 1282 in
1263 1243 1454 1285 Africana
1487 1245 1676 1286 Ecclesia
1708 1244 1759 1286 ad
1793 1246 2037 1300 Cyprianum

124 1327 254 1368 usque
275 1317 515 1370 reprobatus
537 1318 628 1366 fuit,
658 1331 736 1370 qua
757 1318 870 1359 dere
895 1319 988 1359 vide
1016 1331 1256 1360 canxxvn.
1312 1322 1504 1364 Attamen
1514 1323 2039 1368 TertullianumMarcioni·

123 1397 257 1436 tarum
285 1396 400 1435 illum
423 1396 696 1448 baptismum,
733 1410 813 1449 quo
842 1396 1157 1439 catechumenos
1185 1399 1417 1452 tingebant,
1457 1403 1567 1443 haud
1595 1416 1761 1456 prorsus
1788 1403 2037 1456 repudiasse,

124 1484 177 1515 ex
207 1455 259 1514 eo
287 1475 483 1527 colligere
512 1487 634 1527 posse
661 1475 763 1516 mihi
785 1476 942 1525 videor,
971 1477 1081 1529 quod
1109 1477 1198 1518 adv.
1220 1477 1474 1522 Marcionem
1502 1482 1532 1522 Ι.
1556 1482 1622 1522 14.
1654 1483 1789 1523 fassus·
1815 1487 1890 1533 est,
1928 1484 2038 1526 hunc

125 1551 444 1594 haeresiarcham
486 1557 735 1596 sacramenta
784 1556 972 1595 ecclesiae
1021 1568 1202 1596 servasse
1224 1555 1274 1597 ²4.
1357 1559 1529 1601 Iteratos
1571 1573 1668 1601 vero
1704 1561 2038 1604 Marcionitarum

124 1628 360 1684 baptismos,
391 1633 460 1684 qui
487 1633 554 1674 vix
578 1634 687 1674 aliud
711 1633 830 1674 fuere
858 1647 975 1687 quam
997 1635 1244 1676 initiationes
1272 1637 1316 1677 in
1344 1639 1509 1680 altiores
1536 1640 1660 1694 hujus
1688 1645 1814 1681 sectae
1841 1641 2039 1691 classes²⁵‚

127 1710 418 1763 vicariumque
446 1711 561 1750 illum
581 1725 665 1765 pro
684 1714 881 1759 mortuis,
908 1712 959 1752 iis
984 1713 1145 1753 crimini
1165 1713 1317 1765 datum,
1343 1716 1573 1760 universam
1587 1719 1802 1760 ecclesiam
1817 1719 2038 1771 damnasse,

125 1784 238 1827 haud
269 1799 370 1839 opus
399 1791 480 1836 est,
510 1792 557 1827 ut
584 1788 801 1840 probatum
823 1801 974 1830 eamus.

304 1863 346 1903 5.
403 1864 576 1904 Adultos
604 1868 741 1905 autem
771 1869 962 1920 suscepto
991 1867 1191 1921 baptismo
1218 1870 1381 1913 nomina
1408 1885 1694 1927 nonnunquam
1720 1879 1911 1927 mutasse,
1945 1890 2038 1931 pro-

129 1924 265 1985 babile
308 1943 357 1983 fit
403 1955 455 1983 ex
506 1956 651 1984 eorum
689 1944 920 1986 nominibus
967 1945 1240 1990 Christianam
1281 1951 1579 2003 professionem
1618 1954 1891 1997 indicantibus
1932 1957 2039 2011 apud

130 2022 378 2077 Cyplianum
409 2026 452 2062 et
481 2023 524 2062 in
550 2023 914 2075 subscriptionibus
942 2022 1247 2067 conciliorum·
1234 2041 1247 2078 3
1288 2041 1528 2082 quamquam
1557 2032 1667 2073 haud
1700 2046 1902 2087 negavero
1932 2037 2039 2077 inter

131 2113 206 2142 eos
229 2102 351 2142 facile
377 2114 541 2153 quoque
568 2101 719 2150 fuisse,
755 2102 903 2153 quibus
931 2104 1077 2145 eadem
1114 2105 1205 2146 haec
1243 2108 1408 2148 nomina
1447 2109 1491 2150 in
1527 2110 1848 2164 paedobaptismo
1871 2104 2039 2156 'fuerint

133 2178 291 2227 collata.
346 2180 480 2234 Hujus
508 2179 669 2233 generis
697 2183 813 2221 sunt:
848 2181 1100 2226 Adeodatus
1110 2190 1134 2234 ,ἵ
1163 2186 1501 2239 Quodvultdeus,
1542 2189 1684 2230 Deum
1715 2189 1855 2240 habet,
1891 2192 2037 2235 Habet

134 2293 2037 2316 ψ--ἭἫ

158 2408 159 2412 ¹
227 2363 366 2400 'Walch
397 2365 443 2398 de
481 2365 621 2400 ritibus
648 2366 752 2412 bapt.
781 2378 856 2404 sec.
886 2368 936 2404 11.
971 2381 1006 2415 p.
1028 2371 1063 2408 2.
1132 2370 1172 2400 ²⁴
1195 2370 1420 2408 Kirchliche
1446 2372 1712 2410 Alterthiimer
1742 2375 1810 2411 der
1836 2375 2037 2415 Gnostiker

227 2433 358 2477 Ejusd.
380 2434 426 2467 dc
457 2435 750 2482 paedobaptismo
777 2441 940 2485 quatuor
960 2439 1065 2486 prio·
1204 2453 1241 2488 p.
1264 2440 1348 2478 133.

229 2514 317 2537 rum
355 2503 582 2539 seculorum.

1132 2579 1171 2611 25
1193 2579 1423 2617 Kirclnliche
1441 2580 1705 2620 Alterthfimer
1736 2585 1804 2624 der
1834 2586 2037 2624 Gnostiker

159 2643 198 2693 28
228 2643 298 2690 Ap.
327 2644 466 2679 Euseb.
492 2644 542 2679 H.
566 2644 610 2680 E.
640 2645 704 2681 VI.
741 2657 772 2682 c.
795 2647 854 2684 43.
898 2649 1066 2688 walchii
1206 2662 1242 2697 p.
1266 2649 1349 2687 103.

230 2712 332 2750 nist.
352 2714 387 2748 d.
412 2714 645 2760 Ketzcreyen
673 2715 724 2750 Π.
758 2728 795 2762 p.
813 2717 893 2757 193.
913 2729 1018 2766 sequ.
