<?xml version="1.0" encoding="UTF-8"?>
<!DOCTYPE html PUBLIC "-//W3C//DTD XHTML 1.0 Transitional//EN"
    "http://www.w3.org/TR/xhtml1/DTD/xhtml1-transitional.dtd">
<html xmlns="http://www.w3.org/1999/xhtml" xml:lang="en" lang="en">
 <head>
  <title>
</title>
<meta http-equiv="Content-Type" content="text/html;charset=utf-8" />
  <meta name='ocr-system' content='tesseract 3.04.00' />
  <meta name='ocr-capabilities' content='ocr_page ocr_carea ocr_par ocr_line ocrx_word'/>
</head>
<body>
  <div class='ocr_page' id='page_1' title='image "./fredericimnter00mn_0223.png"; bbox 0 0 2341 3340; ppageno 0'>
   <div class='ocr_carea' id='block_1_1' title="bbox 1027 140 1125 188">
    <p class='ocr_par' dir='ltr' id='par_1_1' title="bbox 1027 140 1125 188">
     <span class='ocr_line' id='line_1_1' title="bbox 1027 140 1125 188; baseline 0 0"><span class='ocrx_word' id='word_1_1' title='bbox 1027 140 1125 188; x_wconf 83' lang='lat'><em>211</em></span> 
     </span>
    </p>
   </div>
   <div class='ocr_carea' id='block_1_2' title="bbox 120 279 2030 417">
    <p class='ocr_par' dir='ltr' id='par_1_2' title="bbox 120 279 2030 417">
     <span class='ocr_line' id='line_1_2' title="bbox 120 279 1057 334; baseline -0.009 -8"><span class='ocrx_word' id='word_1_2' title='bbox 120 285 274 326; x_wconf 85' lang='lat' dir='ltr'><em>indicat</em></span> <span class='ocrx_word' id='word_1_3' title='bbox 309 285 584 326; x_wconf 82' lang='lat' dir='ltr'><strong>Tertullianus</strong></span> <span class='ocrx_word' id='word_1_4' title='bbox 623 283 673 323; x_wconf 79' lang='lat' dir='ltr'><em>ad</em></span> <span class='ocrx_word' id='word_1_5' title='bbox 706 283 910 334; x_wconf 82' lang='lat' dir='ltr'><strong>Martyres</strong></span> <span class='ocrx_word' id='word_1_6' title='bbox 943 293 979 320; x_wconf 89' lang='lat' dir='ltr'><em>c.</em></span> <span class='ocrx_word' id='word_1_7' title='bbox 1016 279 1057 319; x_wconf 84' lang='lat'><em>5.</em></span> 
     </span>
     <span class='ocr_line' id='line_1_3' title="bbox 123 352 2030 417; baseline -0.006 -12"><span class='ocrx_word' id='word_1_8' title='bbox 123 365 409 417; x_wconf 81' lang='lat' dir='ltr'><em>descendunt,</em></span> <span class='ocrx_word' id='word_1_9' title='bbox 447 370 491 404; x_wconf 86' lang='lat' dir='ltr'><em>et</em></span> <span class='ocrx_word' id='word_1_10' title='bbox 519 363 573 403; x_wconf 86' lang='lat' dir='ltr'><em>de</em></span> <span class='ocrx_word' id='word_1_11' title='bbox 602 363 811 403; x_wconf 81' lang='lat' dir='ltr'><em>morsibus</em></span> <span class='ocrx_word' id='word_1_12' title='bbox 852 366 894 400; x_wconf 88' lang='lat' dir='ltr'><em>et</em></span> <span class='ocrx_word' id='word_1_13' title='bbox 932 360 987 399; x_wconf 82' lang='lat' dir='ltr'><em>de</em></span> <span class='ocrx_word' id='word_1_14' title='bbox 1025 358 1297 398; x_wconf 81' lang='lat' dir='ltr'><em>cicatricibus</em></span> <span class='ocrx_word' id='word_1_15' title='bbox 1324 359 1613 409; x_wconf 78' lang='lat' dir='ltr'><em>formosiores</em></span> <span class='ocrx_word' id='word_1_16' title='bbox 1652 358 1734 397; x_wconf 81' lang='lat' dir='ltr'><em>sibi</em></span> <span class='ocrx_word' id='word_1_17' title='bbox 1767 352 2030 397; x_wconf 62' lang='lat' dir='ltr'><em>videnturlss.</em></span> 
     </span>
    </p>
   </div>
   <div class='ocr_carea' id='block_1_3' title="bbox 1137 279 2028 333">
    <p class='ocr_par' dir='ltr' id='par_1_3' title="bbox 1137 279 2028 333">
     <span class='ocr_line' id='line_1_4' title="bbox 1137 279 2028 333; baseline -0.003 -13"><span class='ocrx_word' id='word_1_18' title='bbox 1137 280 1266 329; x_wconf 80' lang='lat' dir='ltr'><em>Certe</em></span> <span class='ocrx_word' id='word_1_19' title='bbox 1308 281 1367 320; x_wconf 83' lang='lat' dir='ltr'><em>ad</em></span> <span class='ocrx_word' id='word_1_20' title='bbox 1393 281 1524 332; x_wconf 85' lang='lat' dir='ltr'><em>feras</em></span> <span class='ocrx_word' id='word_1_21' title='bbox 1568 281 1688 333; x_wconf 80' lang='lat' dir='ltr'><em>ipsas</em></span> <span class='ocrx_word' id='word_1_22' title='bbox 1732 279 2028 332; x_wconf 81' lang='lat' dir='ltr'><em>adfectatione</em></span> 
     </span>
    </p>
   </div>
   <div class='ocr_carea' id='block_1_4' title="bbox 117 437 2035 1743">
    <p class='ocr_par' dir='ltr' id='par_1_4' title="bbox 121 437 2031 885">
     <span class='ocr_line' id='line_1_5' title="bbox 123 437 2031 497; baseline -0.005 -13"><span class='ocrx_word' id='word_1_23' title='bbox 123 443 222 487; x_wconf 82' lang='lat' dir='ltr'><em>Jam</em></span> <span class='ocrx_word' id='word_1_24' title='bbox 254 449 299 483; x_wconf 88' lang='lat' dir='ltr'><em>et</em></span> <span class='ocrx_word' id='word_1_25' title='bbox 329 444 388 483; x_wconf 84' lang='lat' dir='ltr'><em>ad</em></span> <span class='ocrx_word' id='word_1_26' title='bbox 414 444 541 497; x_wconf 81' lang='lat' dir='ltr'><em>ignes</em></span> <span class='ocrx_word' id='word_1_27' title='bbox 566 441 737 495; x_wconf 84' lang='lat' dir='ltr'><em>quidam</em></span> <span class='ocrx_word' id='word_1_28' title='bbox 768 453 815 479; x_wconf 85' lang='lat' dir='ltr'><em>se</em></span> <span class='ocrx_word' id='word_1_29' title='bbox 841 441 1177 484; x_wconf 74' lang='lat' dir='ltr'><em>autoraverunt,</em></span> <span class='ocrx_word' id='word_1_30' title='bbox 1211 441 1261 476; x_wconf 81' lang='lat' dir='ltr'><em>ut</em></span> <span class='ocrx_word' id='word_1_31' title='bbox 1291 441 1457 475; x_wconf 85' lang='lat' dir='ltr'><em>certum</em></span> <span class='ocrx_word' id='word_1_32' title='bbox 1485 438 1675 489; x_wconf 76' lang='lat' dir='ltr'><em>spatium</em></span> <span class='ocrx_word' id='word_1_33' title='bbox 1703 437 1749 474; x_wconf 89' lang='lat' dir='ltr'><em>in</em></span> <span class='ocrx_word' id='word_1_34' title='bbox 1779 437 1930 475; x_wconf 85' lang='lat' dir='ltr'><em>tunica</em></span> <span class='ocrx_word' id='word_1_35' title='bbox 1957 447 2031 474; x_wconf 80' lang='lat' dir='ltr'><em>ar-</em></span> 
     </span>
     <span class='ocr_line' id='line_1_6' title="bbox 127 512 2031 576; baseline -0.004 -17"><span class='ocrx_word' id='word_1_36' title='bbox 127 520 259 561; x_wconf 80' lang='lat' dir='ltr'><em>dente</em></span> <span class='ocrx_word' id='word_1_37' title='bbox 289 518 618 576; x_wconf 79' lang='lat' dir='ltr'><em>conficereut14.</em></span> <span class='ocrx_word' id='word_1_38' title='bbox 677 519 772 558; x_wconf 82' lang='lat' dir='ltr'><em>Alii</em></span> <span class='ocrx_word' id='word_1_39' title='bbox 800 519 917 557; x_wconf 88' lang='lat' dir='ltr'><em>inter</em></span> <span class='ocrx_word' id='word_1_40' title='bbox 952 522 1213 557; x_wconf 80' lang='lat' dir='ltr'><em>venatorum</em></span> <span class='ocrx_word' id='word_1_41' title='bbox 1255 518 1433 553; x_wconf 74' lang='lat' dir='ltr'><em>taureas</em></span> <span class='ocrx_word' id='word_1_42' title='bbox 1467 512 1643 563; x_wconf 81' lang='lat' dir='ltr'><em>(flagella</em></span> <span class='ocrx_word' id='word_1_43' title='bbox 1672 513 1802 563; x_wconf 81' lang='lat' dir='ltr'><em>lorea)</em></span> <span class='ocrx_word' id='word_1_44' title='bbox 1838 513 2031 566; x_wconf 74' lang='lat' dir='ltr'><em>scapulis</em></span> 
     </span>
     <span class='ocr_line' id='line_1_7' title="bbox 122 590 2029 652; baseline -0.005 -14"><span class='ocrx_word' id='word_1_45' title='bbox 122 600 455 652; x_wconf 73' lang='lat' dir='ltr'><em>patientissimis</em></span> <span class='ocrx_word' id='word_1_46' title='bbox 480 593 919 636; x_wconf 68' lang='lat' dir='ltr'><em>inambulaveruntffi.</em></span> <span class='ocrx_word' id='word_1_47' title='bbox 975 594 1030 633; x_wconf 86' lang='lat' dir='ltr'><em>Et</em></span> <span class='ocrx_word' id='word_1_48' title='bbox 1057 593 1276 644; x_wconf 86' lang='lat' dir='ltr'><em>Scorpiace</em></span> <span class='ocrx_word' id='word_1_49' title='bbox 1299 591 1339 629; x_wconf 95' lang='lat'><em>1.</em></span> <span class='ocrx_word' id='word_1_50' title='bbox 1380 591 1505 631; x_wconf 83' lang='lat' dir='ltr'><em>Alios</em></span> <span class='ocrx_word' id='word_1_51' title='bbox 1535 592 1663 642; x_wconf 81' lang='lat' dir='ltr'><em>ignis,</em></span> <span class='ocrx_word' id='word_1_52' title='bbox 1697 592 1807 631; x_wconf 84' lang='lat' dir='ltr'><em>alios</em></span> <span class='ocrx_word' id='word_1_53' title='bbox 1837 590 2029 643; x_wconf 82' lang='lat' dir='ltr'><em>gladius,</em></span> 
     </span>
     <span class='ocr_line' id='line_1_8' title="bbox 125 668 2030 728; baseline -0.005 -13"><span class='ocrx_word' id='word_1_54' title='bbox 125 677 237 715; x_wconf 83' lang='lat' dir='ltr'><em>alios</em></span> <span class='ocrx_word' id='word_1_55' title='bbox 265 676 413 715; x_wconf 76' lang='lat' dir='ltr'><em>bestiae</em></span> <span class='ocrx_word' id='word_1_56' title='bbox 444 676 714 715; x_wconf 80' lang='lat' dir='ltr'><em>Christianos</em></span> <span class='ocrx_word' id='word_1_57' title='bbox 753 674 1050 728; x_wconf 80' lang='lat' dir='ltr'><em>probaverunt</em></span> <span class='ocrx_word' id='word_1_58' title='bbox 1059 685 1076 718; x_wconf 91' lang='lat'><em>,·</em></span> <span class='ocrx_word' id='word_1_59' title='bbox 1124 672 1206 711; x_wconf 83' lang='lat' dir='ltr'><em>alii</em></span> <span class='ocrx_word' id='word_1_60' title='bbox 1227 669 1426 722; x_wconf 71' lang='lat' dir='ltr'><em>fustibus</em></span> <span class='ocrx_word' id='word_1_61' title='bbox 1468 669 1646 711; x_wconf 84' lang='lat' dir='ltr'><em>interim</em></span> <span class='ocrx_word' id='word_1_62' title='bbox 1679 674 1723 708; x_wconf 87' lang='lat' dir='ltr'><em>et</em></span> <span class='ocrx_word' id='word_1_63' title='bbox 1754 669 1931 720; x_wconf 83' lang='lat' dir='ltr'><em>ungulis</em></span> <span class='ocrx_word' id='word_1_64' title='bbox 1962 668 2030 707; x_wconf 84' lang='lat' dir='ltr'><em>in-</em></span> 
     </span>
     <span class='ocr_line' id='line_1_9' title="bbox 121 746 2029 806; baseline -0.004 -14"><span class='ocrx_word' id='word_1_65' title='bbox 121 765 257 806; x_wconf 81' lang='lat' dir='ltr'><em>super</em></span> <span class='ocrx_word' id='word_1_66' title='bbox 275 752 504 806; x_wconf 79' lang='lat' dir='ltr'><em>degustato</em></span> <span class='ocrx_word' id='word_1_67' title='bbox 536 750 749 806; x_wconf 69' lang='lat' dir='ltr'><em>martyrio</em></span> <span class='ocrx_word' id='word_1_68' title='bbox 768 754 813 791; x_wconf 88' lang='lat' dir='ltr'><em>in</em></span> <span class='ocrx_word' id='word_1_69' title='bbox 842 764 1018 791; x_wconf 86' lang='lat' dir='ltr'><em>carcere</em></span> <span class='ocrx_word' id='word_1_70' title='bbox 1048 749 1260 789; x_wconf 82' lang='lat' dir='ltr'><em>esuriunt.</em></span> <span class='ocrx_word' id='word_1_71' title='bbox 1317 749 1410 790; x_wconf 83' lang='lat' dir='ltr'><em>Nos</em></span> <span class='ocrx_word' id='word_1_72' title='bbox 1430 747 1517 801; x_wconf 77' lang='lat' dir='ltr'><em>ipsi</em></span> <span class='ocrx_word' id='word_1_73' title='bbox 1537 751 1585 787; x_wconf 87' lang='lat' dir='ltr'><em>ut</em></span> <span class='ocrx_word' id='word_1_74' title='bbox 1608 746 1790 799; x_wconf 78' lang='lat' dir='ltr'><em>lepores,</em></span> <span class='ocrx_word' id='word_1_75' title='bbox 1807 746 2029 786; x_wconf 82' lang='lat' dir='ltr'><em>destinata</em></span> 
     </span>
     <span class='ocr_line' id='line_1_10' title="bbox 123 826 1010 885; baseline -0.002 -16"><span class='ocrx_word' id='word_1_76' title='bbox 123 831 320 878; x_wconf 81' lang='lat' dir='ltr'><em>venatio,</em></span> <span class='ocrx_word' id='word_1_77' title='bbox 359 831 414 871; x_wconf 82' lang='lat' dir='ltr'><em>de</em></span> <span class='ocrx_word' id='word_1_78' title='bbox 443 833 676 885; x_wconf 82' lang='lat' dir='ltr'><em>longinquo</em></span> <span class='ocrx_word' id='word_1_79' title='bbox 714 826 1010 869; x_wconf 71' lang='lat' dir='ltr'><em>obsidemurffi.</em></span> 
     </span>
    </p>

    <p class='ocr_par' dir='ltr' id='par_1_5' title="bbox 117 889 2035 1743">
     <span class='ocr_line' id='line_1_11' title="bbox 298 889 2030 960; baseline -0.003 -12"><span class='ocrx_word' id='word_1_80' title='bbox 298 909 339 948; x_wconf 82' lang='lat'><em>3.</em></span> <span class='ocrx_word' id='word_1_81' title='bbox 395 910 483 948; x_wconf 88' lang='lat' dir='ltr'><em>I-Iac</em></span> <span class='ocrx_word' id='word_1_82' title='bbox 514 922 609 947; x_wconf 88' lang='lat' dir='ltr'><em>vero</em></span> <span class='ocrx_word' id='word_1_83' title='bbox 636 889 919 960; x_wconf 87' lang='lat' dir='ltr'><em>persecutione</em></span> <span class='ocrx_word' id='word_1_84' title='bbox 941 918 1024 945; x_wconf 85' lang='lat' dir='ltr'><em>non</em></span> <span class='ocrx_word' id='word_1_85' title='bbox 1049 906 1091 944; x_wconf 92' lang='lat' dir='ltr'><em>in</em></span> <span class='ocrx_word' id='word_1_86' title='bbox 1117 916 1257 944; x_wconf 89' lang='lat' dir='ltr'><em>omnes</em></span> <span class='ocrx_word' id='word_1_87' title='bbox 1280 903 1351 954; x_wconf 82' lang='lat' dir='ltr'><em>qui</em></span> <span class='ocrx_word' id='word_1_88' title='bbox 1375 902 1619 956; x_wconf 82' lang='lat' dir='ltr'><em>Carthagine</em></span> <span class='ocrx_word' id='word_1_89' title='bbox 1649 904 1763 941; x_wconf 87' lang='lat' dir='ltr'><em>erant</em></span> <span class='ocrx_word' id='word_1_90' title='bbox 1778 900 2030 943; x_wconf 82' lang='lat' dir='ltr'><em>Christianos</em></span> 
     </span>
     <span class='ocr_line' id='line_1_12' title="bbox 125 980 2032 1039; baseline -0.003 -13"><span class='ocrx_word' id='word_1_91' title='bbox 125 987 307 1027; x_wconf 63' lang='lat' dir='ltr'><em>saevitum</em></span> <span class='ocrx_word' id='word_1_92' title='bbox 321 987 462 1036; x_wconf 83' lang='lat' dir='ltr'><em>fuisse,</em></span> <span class='ocrx_word' id='word_1_93' title='bbox 487 987 574 1039; x_wconf 89' lang='lat' dir='ltr'><em>jam</em></span> <span class='ocrx_word' id='word_1_94' title='bbox 598 999 647 1026; x_wconf 84' lang='lat' dir='ltr'><em>ex</em></span> <span class='ocrx_word' id='word_1_95' title='bbox 665 987 715 1026; x_wconf 88' lang='lat' dir='ltr'><em>iis</em></span> <span class='ocrx_word' id='word_1_96' title='bbox 737 989 849 1038; x_wconf 82' lang='lat' dir='ltr'><em>patet</em></span> <span class='ocrx_word' id='word_1_97' title='bbox 862 997 951 1037; x_wconf 84' lang='lat' dir='ltr'><em>quae</em></span> <span class='ocrx_word' id='word_1_98' title='bbox 967 983 1018 1022; x_wconf 88' lang='lat' dir='ltr'><em>de</em></span> <span class='ocrx_word' id='word_1_99' title='bbox 1034 983 1228 1021; x_wconf 87' lang='lat' dir='ltr'><em>fratribus</em></span> <span class='ocrx_word' id='word_1_100' title='bbox 1251 986 1409 1022; x_wconf 87' lang='lat' dir='ltr'><em>narrata</em></span> <span class='ocrx_word' id='word_1_101' title='bbox 1438 985 1554 1029; x_wconf 70' lang='lat' dir='ltr'><em>sunt,</em></span> <span class='ocrx_word' id='word_1_102' title='bbox 1577 981 1720 1032; x_wconf 87' lang='lat' dir='ltr'><em>quibus</em></span> <span class='ocrx_word' id='word_1_103' title='bbox 1736 980 1970 1020; x_wconf 86' lang='lat' dir='ltr'><em>introeundi</em></span> <span class='ocrx_word' id='word_1_104' title='bbox 1988 983 2032 1020; x_wconf 86' lang='lat' dir='ltr'><em>et</em></span> 
     </span>
     <span class='ocr_line' id='line_1_13' title="bbox 122 1059 2032 1118; baseline -0.003 -14"><span class='ocrx_word' id='word_1_105' title='bbox 122 1065 395 1118; x_wconf 81' lang='lat' dir='ltr'><em>refrigerandi</em></span> <span class='ocrx_word' id='word_1_106' title='bbox 412 1066 519 1105; x_wconf 85' lang='lat' dir='ltr'><em>facta</em></span> <span class='ocrx_word' id='word_1_107' title='bbox 531 1066 658 1105; x_wconf 82' lang='lat' dir='ltr'><em>fuerit</em></span> <span class='ocrx_word' id='word_1_108' title='bbox 681 1065 870 1112; x_wconf 82' lang='lat' dir='ltr'><em>facultas3</em></span> <span class='ocrx_word' id='word_1_109' title='bbox 906 1065 948 1103; x_wconf 92' lang='lat' dir='ltr'><em>in</em></span> <span class='ocrx_word' id='word_1_110' title='bbox 979 1063 1123 1114; x_wconf 84' lang='lat' dir='ltr'><em>quibus</em></span> <span class='ocrx_word' id='word_1_111' title='bbox 1156 1064 1269 1100; x_wconf 90' lang='lat' dir='ltr'><em>certe</em></span> <span class='ocrx_word' id='word_1_112' title='bbox 1296 1060 1464 1098; x_wconf 86' lang='lat' dir='ltr'><em>fuerunt</em></span> <span class='ocrx_word' id='word_1_113' title='bbox 1479 1059 1641 1107; x_wconf 78' lang='lat' dir='ltr'><em>Clerici,</em></span> <span class='ocrx_word' id='word_1_114' title='bbox 1671 1071 1770 1110; x_wconf 88' lang='lat' dir='ltr'><em>quos</em></span> <span class='ocrx_word' id='word_1_115' title='bbox 1785 1062 1920 1106; x_wconf 86' lang='lat' dir='ltr'><em>tamen</em></span> <span class='ocrx_word' id='word_1_116' title='bbox 1938 1062 2032 1098; x_wconf 73' lang='lat' dir='ltr'><em>ante</em></span> 
     </span>
     <span class='ocr_line' id='line_1_14' title="bbox 124 1137 2032 1196; baseline -0.003 -14"><span class='ocrx_word' id='word_1_117' title='bbox 124 1143 369 1196; x_wconf 79' lang='lat' dir='ltr'><em>Cyprianum</em></span> <span class='ocrx_word' id='word_1_118' title='bbox 381 1145 616 1196; x_wconf 81' lang='lat' dir='ltr'><em>martyrium</em></span> <span class='ocrx_word' id='word_1_119' title='bbox 630 1143 740 1183; x_wconf 89' lang='lat' dir='ltr'><em>haud</em></span> <span class='ocrx_word' id='word_1_120' title='bbox 754 1143 916 1190; x_wconf 82' lang='lat' dir='ltr'><em>obiisse,</em></span> <span class='ocrx_word' id='word_1_121' title='bbox 929 1145 1075 1181; x_wconf 87' lang='lat' dir='ltr'><em>testem</em></span> <span class='ocrx_word' id='word_1_122' title='bbox 1090 1138 1499 1186; x_wconf 85' lang='lat' dir='ltr'><em>habemusPoutium,</em></span> <span class='ocrx_word' id='word_1_123' title='bbox 1523 1138 1592 1189; x_wconf 93' lang='lat' dir='ltr'><em>qui</em></span> <span class='ocrx_word' id='word_1_124' title='bbox 1609 1137 1730 1176; x_wconf 87' lang='lat' dir='ltr'><em>vitam</em></span> <span class='ocrx_word' id='word_1_125' title='bbox 1753 1138 1841 1189; x_wconf 87' lang='lat' dir='ltr'><em>ejus</em></span> <span class='ocrx_word' id='word_1_126' title='bbox 1856 1139 2032 1189; x_wconf 86' lang='lat' dir='ltr'><em>scripsit.</em></span> 
     </span>
     <span class='ocr_line' id='line_1_15' title="bbox 122 1202 2032 1275; baseline -0.003 -14"><span class='ocrx_word' id='word_1_127' title='bbox 122 1221 330 1262; x_wconf 82' lang='lat' dir='ltr'><em>Praeterea</em></span> <span class='ocrx_word' id='word_1_128' title='bbox 359 1235 409 1262; x_wconf 81' lang='lat' dir='ltr'><em>ex</em></span> <span class='ocrx_word' id='word_1_129' title='bbox 437 1224 535 1275; x_wconf 86' lang='lat' dir='ltr'><em>ipsis</em></span> <span class='ocrx_word' id='word_1_130' title='bbox 570 1223 717 1262; x_wconf 88' lang='lat' dir='ltr'><em>nostris</em></span> <span class='ocrx_word' id='word_1_131' title='bbox 742 1202 857 1261; x_wconf 78' lang='lat' dir='ltr'><em>Actis</em></span> <span class='ocrx_word' id='word_1_132' title='bbox 880 1220 1097 1271; x_wconf 82' lang='lat' dir='ltr'><em>colligitur,</em></span> <span class='ocrx_word' id='word_1_133' title='bbox 1122 1217 1360 1256; x_wconf 83' lang='lat' dir='ltr'><em>Christianis</em></span> <span class='ocrx_word' id='word_1_134' title='bbox 1386 1215 1437 1254; x_wconf 85' lang='lat' dir='ltr'><em>ad</em></span> <span class='ocrx_word' id='word_1_135' title='bbox 1449 1215 1694 1266; x_wconf 79' lang='lat' dir='ltr'><em>Perpetuam</em></span> <span class='ocrx_word' id='word_1_136' title='bbox 1725 1215 2032 1256; x_wconf 84' lang='lat' dir='ltr'><em>etFelicitatem</em></span> 
     </span>
     <span class='ocr_line' id='line_1_16' title="bbox 117 1291 2032 1353; baseline -0.004 -13"><span class='ocrx_word' id='word_1_137' title='bbox 117 1300 203 1353; x_wconf 82' lang='lat' dir='ltr'><em>jam</em></span> <span class='ocrx_word' id='word_1_138' title='bbox 231 1301 456 1341; x_wconf 88' lang='lat' dir='ltr'><em>vulneratas</em></span> <span class='ocrx_word' id='word_1_139' title='bbox 484 1302 527 1340; x_wconf 88' lang='lat' dir='ltr'><em>in</em></span> <span class='ocrx_word' id='word_1_140' title='bbox 547 1300 902 1352; x_wconf 85' lang='lat' dir='ltr'><em>Amphitheatrum</em></span> <span class='ocrx_word' id='word_1_141' title='bbox 932 1296 1184 1336; x_wconf 85' lang='lat' dir='ltr'><em>descendere</em></span> <span class='ocrx_word' id='word_1_142' title='bbox 1215 1295 1400 1333; x_wconf 82' lang='lat' dir='ltr'><em>licuisse:</em></span> <span class='ocrx_word' id='word_1_143' title='bbox 1435 1292 1480 1332; x_wconf 81' lang='lat' dir='ltr'><em>id</em></span> <span class='ocrx_word' id='word_1_144' title='bbox 1512 1292 1621 1343; x_wconf 87' lang='lat' dir='ltr'><em>quod</em></span> <span class='ocrx_word' id='word_1_145' title='bbox 1650 1292 1701 1331; x_wconf 90' lang='lat' dir='ltr'><em>de</em></span> <span class='ocrx_word' id='word_1_146' title='bbox 1724 1291 2032 1333; x_wconf 83' lang='lat' dir='ltr'><em>Catechumeno</em></span> 
     </span>
     <span class='ocr_line' id='line_1_17' title="bbox 126 1372 2034 1430; baseline -0.003 -13"><span class='ocrx_word' id='word_1_147' title='bbox 126 1378 301 1430; x_wconf 85' lang='lat' dir='ltr'><em>quodam</em></span> <span class='ocrx_word' id='word_1_148' title='bbox 333 1379 502 1418; x_wconf 88' lang='lat' dir='ltr'><em>Rustico</em></span> <span class='ocrx_word' id='word_1_149' title='bbox 542 1382 584 1417; x_wconf 88' lang='lat' dir='ltr'><em>et</em></span> <span class='ocrx_word' id='word_1_150' title='bbox 613 1378 740 1416; x_wconf 85' lang='lat' dir='ltr'><em>fratre</em></span> <span class='ocrx_word' id='word_1_151' title='bbox 780 1376 996 1427; x_wconf 85' lang='lat' dir='ltr'><em>Perpetuae</em></span> <span class='ocrx_word' id='word_1_152' title='bbox 1037 1376 1234 1413; x_wconf 82' lang='lat' dir='ltr'><em>narratur.</em></span> <span class='ocrx_word' id='word_1_153' title='bbox 1305 1372 1454 1411; x_wconf 85' lang='lat' dir='ltr'><em>Causas</em></span> <span class='ocrx_word' id='word_1_154' title='bbox 1494 1372 1620 1424; x_wconf 82' lang='lat' dir='ltr'><em>igitur</em></span> <span class='ocrx_word' id='word_1_155' title='bbox 1657 1374 1820 1422; x_wconf 85' lang='lat' dir='ltr'><em>oportet</em></span> <span class='ocrx_word' id='word_1_156' title='bbox 1852 1372 2034 1412; x_wconf 79' lang='lat' dir='ltr'><em>extitisse</em></span> 
     </span>
     <span class='ocr_line' id='line_1_18' title="bbox 122 1449 2035 1508; baseline -0.003 -12"><span class='ocrx_word' id='word_1_157' title='bbox 122 1457 349 1507; x_wconf 80' lang='lat' dir='ltr'><em>peculiares</em></span> <span class='ocrx_word' id='word_1_158' title='bbox 379 1457 577 1508; x_wconf 81' lang='lat' dir='ltr'><em>nobisque</em></span> <span class='ocrx_word' id='word_1_159' title='bbox 604 1457 775 1508; x_wconf 81' lang='lat' dir='ltr'><em>ignotas,</em></span> <span class='ocrx_word' id='word_1_160' title='bbox 805 1467 878 1493; x_wconf 89' lang='lat' dir='ltr'><em>cur</em></span> <span class='ocrx_word' id='word_1_161' title='bbox 906 1466 930 1492; x_wconf 85' lang='lat' dir='ltr'><em>e</em></span> <span class='ocrx_word' id='word_1_162' title='bbox 957 1456 1069 1492; x_wconf 83' lang='lat' dir='ltr'><em>tanta</em></span> <span class='ocrx_word' id='word_1_163' title='bbox 1095 1451 1427 1491; x_wconf 51' lang='lat' dir='ltr'><em>Christianorum*</em></span> <span class='ocrx_word' id='word_1_164' title='bbox 1452 1449 1712 1490; x_wconf 89' lang='lat' dir='ltr'><em>multitudine</em></span> <span class='ocrx_word' id='word_1_165' title='bbox 1737 1450 1804 1488; x_wconf 85' lang='lat' dir='ltr'><em>hae</em></span> <span class='ocrx_word' id='word_1_166' title='bbox 1831 1462 1911 1490; x_wconf 85' lang='lat' dir='ltr'><em>una</em></span> <span class='ocrx_word' id='word_1_167' title='bbox 1939 1462 2035 1490; x_wconf 89' lang='lat' dir='ltr'><em>cum</em></span> 
     </span>
     <span class='ocr_line' id='line_1_19' title="bbox 123 1528 2033 1588; baseline -0.003 -14"><span class='ocrx_word' id='word_1_168' title='bbox 123 1535 247 1574; x_wconf 82' lang='lat' dir='ltr'><em>sociis</em></span> <span class='ocrx_word' id='word_1_169' title='bbox 267 1535 528 1588; x_wconf 81' lang='lat' dir='ltr'><em>eligerentur,</em></span> <span class='ocrx_word' id='word_1_170' title='bbox 561 1546 652 1583; x_wconf 81' lang='lat' dir='ltr'><em>quae</em></span> <span class='ocrx_word' id='word_1_171' title='bbox 674 1535 718 1572; x_wconf 88' lang='lat' dir='ltr'><em>in</em></span> <span class='ocrx_word' id='word_1_172' title='bbox 747 1531 942 1571; x_wconf 82' lang='lat' dir='ltr'><em>castrensi</em></span> <span class='ocrx_word' id='word_1_173' title='bbox 972 1531 1051 1569; x_wconf 89' lang='lat' dir='ltr'><em>isto</em></span> <span class='ocrx_word' id='word_1_174' title='bbox 1080 1542 1249 1569; x_wconf 88' lang='lat' dir='ltr'><em>munere</em></span> <span class='ocrx_word' id='word_1_175' title='bbox 1276 1529 1401 1568; x_wconf 86' lang='lat' dir='ltr'><em>fidem</em></span> <span class='ocrx_word' id='word_1_176' title='bbox 1430 1541 1504 1568; x_wconf 92' lang='lat' dir='ltr'><em>suo</em></span> <span class='ocrx_word' id='word_1_177' title='bbox 1538 1528 1732 1579; x_wconf 81' lang='lat' dir='ltr'><em>sanguine</em></span> <span class='ocrx_word' id='word_1_178' title='bbox 1761 1528 2033 1581; x_wconf 77' lang='lat' dir='ltr'><em>obsignaturae</em></span> 
     </span>
     <span class='ocr_line' id='line_1_20' title="bbox 125 1606 2033 1659; baseline -0.002 -9"><span class='ocrx_word' id='word_1_179' title='bbox 125 1615 274 1651; x_wconf 81' lang='lat' dir='ltr'><em>esseut.</em></span> <span class='ocrx_word' id='word_1_180' title='bbox 340 1612 455 1652; x_wconf 87' lang='lat' dir='ltr'><em>Sicut</em></span> <span class='ocrx_word' id='word_1_181' title='bbox 501 1611 724 1651; x_wconf 82' lang='lat' dir='ltr'><em>constantia</em></span> <span class='ocrx_word' id='word_1_182' title='bbox 763 1611 912 1649; x_wconf 84' lang='lat' dir='ltr'><em>horum</em></span> <span class='ocrx_word' id='word_1_183' title='bbox 945 1607 1204 1659; x_wconf 82' lang='lat' dir='ltr'><em>Martyrum,</em></span> <span class='ocrx_word' id='word_1_184' title='bbox 1247 1607 1304 1646; x_wconf 84' lang='lat' dir='ltr'><em>ita</em></span> <span class='ocrx_word' id='word_1_185' title='bbox 1347 1618 1509 1658; x_wconf 86' lang='lat' dir='ltr'><em>quoque</em></span> <span class='ocrx_word' id='word_1_186' title='bbox 1547 1606 1845 1645; x_wconf 80' lang='lat' dir='ltr'><em>commiseratio</em></span> <span class='ocrx_word' id='word_1_187' title='bbox 1882 1608 2033 1647; x_wconf 88' lang='lat' dir='ltr'><em>multos</em></span> 
     </span>
     <span class='ocr_line' id='line_1_21' title="bbox 125 1684 2034 1743; baseline -0.002 -13"><span class='ocrx_word' id='word_1_188' title='bbox 125 1691 336 1743; x_wconf 82' lang='lat' dir='ltr'><em>religionis</em></span> <span class='ocrx_word' id='word_1_189' title='bbox 362 1691 626 1738; x_wconf 83' lang='lat' dir='ltr'><em>adversarios,</em></span> <span class='ocrx_word' id='word_1_190' title='bbox 656 1690 724 1739; x_wconf 89' lang='lat' dir='ltr'><em>qui</em></span> <span class='ocrx_word' id='word_1_191' title='bbox 751 1689 795 1728; x_wconf 86' lang='lat' dir='ltr'><em>in</em></span> <span class='ocrx_word' id='word_1_192' title='bbox 823 1699 986 1727; x_wconf 88' lang='lat' dir='ltr'><em>carcere</em></span> <span class='ocrx_word' id='word_1_193' title='bbox 1014 1697 1085 1725; x_wconf 86' lang='lat' dir='ltr'><em>eos</em></span> <span class='ocrx_word' id='word_1_194' title='bbox 1105 1685 1380 1734; x_wconf 85' lang='lat' dir='ltr'><em>visitaverant,</em></span> <span class='ocrx_word' id='word_1_195' title='bbox 1411 1686 1674 1743; x_wconf 81' lang='lat' dir='ltr'><em>martyriique</em></span> <span class='ocrx_word' id='word_1_196' title='bbox 1703 1684 1867 1724; x_wconf 87' lang='lat' dir='ltr'><em>fuerant</em></span> <span class='ocrx_word' id='word_1_197' title='bbox 1893 1687 2034 1734; x_wconf 81' lang='lat' dir='ltr'><em>testes,</em></span> 
     </span>
    </p>
   </div>
   <div class='ocr_carea' id='block_1_5' title="bbox 127 1763 2034 1820">
    <p class='ocr_par' dir='ltr' id='par_1_6' title="bbox 127 1763 2034 1820">
     <span class='ocr_line' id='line_1_22' title="bbox 127 1763 2034 1820; baseline -0.002 -12"><span class='ocrx_word' id='word_1_198' title='bbox 127 1767 179 1808; x_wconf 86' lang='lat' dir='ltr'><em>ad</em></span> <span class='ocrx_word' id='word_1_199' title='bbox 209 1768 488 1820; x_wconf 85' lang='lat' dir='ltr'><em>amplectenda</em></span> <span class='ocrx_word' id='word_1_200' title='bbox 518 1780 630 1808; x_wconf 88' lang='lat' dir='ltr'><em>sacra</em></span> <span class='ocrx_word' id='word_1_201' title='bbox 667 1767 895 1808; x_wconf 88' lang='lat' dir='ltr'><em>Christiana</em></span> <span class='ocrx_word' id='word_1_202' title='bbox 934 1763 1128 1806; x_wconf 73' lang='lat' dir='ltr'><em>m0v1t172</em></span> <span class='ocrx_word' id='word_1_203' title='bbox 1153 1774 1158 1777; x_wconf 90' lang='grc'><strong>’</strong></span> <span class='ocrx_word' id='word_1_204' title='bbox 1187 1779 1241 1804; x_wconf 68' lang='lat' dir='ltr'><em>ea·</em></span> <span class='ocrx_word' id='word_1_205' title='bbox 1269 1765 1435 1819; x_wconf 81' lang='lat' dir='ltr'><em>quibus,</em></span> <span class='ocrx_word' id='word_1_206' title='bbox 1473 1767 1520 1803; x_wconf 86' lang='lat' dir='ltr'><em>ut</em></span> <span class='ocrx_word' id='word_1_207' title='bbox 1551 1764 1654 1804; x_wconf 84' lang='lat' dir='ltr'><em>Acta</em></span> <span class='ocrx_word' id='word_1_208' title='bbox 1690 1765 1862 1810; x_wconf 83' lang='lat' dir='ltr'><em>habent,</em></span> <span class='ocrx_word' id='word_1_209' title='bbox 1900 1765 2034 1804; x_wconf 80' lang='lat' dir='ltr'><em>multi</em></span> 
     </span>
    </p>
   </div>
   <div class='ocr_carea' id='block_1_6' title="bbox 150 1920 1054 1966">
    <p class='ocr_par' dir='ltr' id='par_1_7' title="bbox 150 1920 1054 1966">
     <span class='ocr_line' id='line_1_23' title="bbox 150 1920 1054 1966; baseline 0 -10"><span class='ocrx_word' id='word_1_210' title='bbox 150 1920 186 1949; x_wconf 78' lang='lat'><em>13</em></span> <span class='ocrx_word' id='word_1_211' title='bbox 209 1922 295 1957; x_wconf 88' lang='lat' dir='ltr'><em>Alio</em></span> <span class='ocrx_word' id='word_1_212' title='bbox 315 1923 411 1966; x_wconf 85' lang='lat' dir='ltr'><em>loco,</em></span> <span class='ocrx_word' id='word_1_213' title='bbox 440 1924 486 1957; x_wconf 81' lang='lat' dir='ltr'><em>de</em></span> <span class='ocrx_word' id='word_1_214' title='bbox 513 1923 640 1958; x_wconf 81' lang='lat' dir='ltr'><em>anima</em></span> <span class='ocrx_word' id='word_1_215' title='bbox 664 1936 696 1958; x_wconf 87' lang='lat' dir='ltr'><em>c.</em></span> <span class='ocrx_word' id='word_1_216' title='bbox 718 1923 775 1958; x_wconf 81' lang='lat'><em>58.</em></span> <span class='ocrx_word' id='word_1_217' title='bbox 823 1925 966 1957; x_wconf 81' lang='lat' dir='ltr'><em>Morsus</em></span> <span class='ocrx_word' id='word_1_218' title='bbox 992 1924 1054 1965; x_wconf 87' lang='lat' dir='ltr'><em>fe-</em></span> 
     </span>
    </p>
   </div>
   <div class='ocr_carea' id='block_1_7' title="bbox 223 1992 924 2034">
    <p class='ocr_par' dir='ltr' id='par_1_8' title="bbox 223 1992 924 2034">
     <span class='ocr_line' id='line_1_24' title="bbox 223 1992 924 2034; baseline 0.001 -8"><span class='ocrx_word' id='word_1_219' title='bbox 223 2003 346 2026; x_wconf 83' lang='lat' dir='ltr'><em>rarum</em></span> <span class='ocrx_word' id='word_1_220' title='bbox 375 1997 586 2026; x_wconf 80' lang='lat' dir='ltr'><em>ornamenta</em></span> <span class='ocrx_word' id='word_1_221' title='bbox 596 1993 801 2034; x_wconf 73' lang='lat' dir='ltr'><em>jztventutis</em></span> <span class='ocrx_word' id='word_1_222' title='bbox 822 1992 924 2027; x_wconf 83' lang='lat' dir='ltr'><em>dicit.</em></span> 
     </span>
    </p>
   </div>
   <div class='ocr_carea' id='block_1_8' title="bbox 153 2073 1057 2328">
    <p class='ocr_par' dir='ltr' id='par_1_9' title="bbox 153 2073 1055 2190">
     <span class='ocr_line' id='line_1_25' title="bbox 153 2073 1055 2110; baseline 0.002 -2"><span class='ocrx_word' id='word_1_223' title='bbox 153 2073 190 2101; x_wconf 85' lang='lat'><em>14</em></span> <span class='ocrx_word' id='word_1_224' title='bbox 213 2075 270 2108; x_wconf 86' lang='lat' dir='ltr'><em>De</em></span> <span class='ocrx_word' id='word_1_225' title='bbox 288 2075 415 2110; x_wconf 86' lang='lat' dir='ltr'><em>tunica</em></span> <span class='ocrx_word' id='word_1_226' title='bbox 441 2076 589 2110; x_wconf 83' lang='lat' dir='ltr'><em>ardente</em></span> <span class='ocrx_word' id='word_1_227' title='bbox 613 2077 675 2110; x_wconf 86' lang='lat' dir='ltr'><em>vel</em></span> <span class='ocrx_word' id='word_1_228' title='bbox 702 2077 859 2110; x_wconf 80' lang='lat' dir='ltr'><em>molesta.</em></span> <span class='ocrx_word' id='word_1_229' title='bbox 907 2077 965 2110; x_wconf 83' lang='lat' dir='ltr'><em>Cf.</em></span> <span class='ocrx_word' id='word_1_230' title='bbox 987 2076 1055 2110; x_wconf 80' lang='lat' dir='ltr'><em>Sa-</em></span> 
     </span>
     <span class='ocr_line' id='line_1_26' title="bbox 225 2143 1055 2190; baseline 0.002 -13"><span class='ocrx_word' id='word_1_231' title='bbox 225 2143 427 2190; x_wconf 77' lang='lat' dir='ltr'><em>gittarium</em></span> <span class='ocrx_word' id='word_1_232' title='bbox 474 2145 518 2177; x_wconf 84' lang='lat' dir='ltr'><em>de</em></span> <span class='ocrx_word' id='word_1_233' title='bbox 555 2144 770 2189; x_wconf 78' lang='lat' dir='ltr'><em>Martyrum</em></span> <span class='ocrx_word' id='word_1_234' title='bbox 813 2145 1055 2180; x_wconf 81' lang='lat' dir='ltr'><em>Cruciatibus</em></span> 
     </span>
    </p>

    <p class='ocr_par' dir='ltr' id='par_1_10' title="bbox 193 2206 1057 2328">
     <span class='ocr_line' id='line_1_27' title="bbox 193 2206 1057 2259; baseline -0.001 -10"><span class='ocrx_word' id='word_1_235' title='bbox 193 2206 197 2209; x_wconf 9' lang='grc' dir='ltr'>χ</span> <span class='ocrx_word' id='word_1_236' title='bbox 228 2225 267 2259; x_wconf 81' lang='lat'><em>1).</em></span> <span class='ocrx_word' id='word_1_237' title='bbox 287 2213 365 2248; x_wconf 75' lang='lat'>179.</span> <span class='ocrx_word' id='word_1_238' title='bbox 389 2224 489 2257; x_wconf 83' lang='lat' dir='ltr'><em>sequ.</em></span> <span class='ocrx_word' id='word_1_239' title='bbox 514 2213 661 2259; x_wconf 82' lang='lat' dir='ltr'><em>Kriegk</em></span> <span class='ocrx_word' id='word_1_240' title='bbox 684 2215 727 2248; x_wconf 83' lang='lat' dir='ltr'><em>de</em></span> <span class='ocrx_word' id='word_1_241' title='bbox 752 2214 879 2248; x_wconf 80' lang='lat' dir='ltr'><em>tunica</em></span> <span class='ocrx_word' id='word_1_242' title='bbox 897 2215 1057 2249; x_wconf 73' lang='lat' dir='ltr'><em>molesta</em></span> 
     </span>
     <span class='ocr_line' id='line_1_28' title="bbox 225 2281 1055 2328; baseline 0.002 -13"><span class='ocrx_word' id='word_1_243' title='bbox 225 2281 540 2317; x_wconf 85' lang='lat' dir='ltr'><em>Christianorum.</em></span> <span class='ocrx_word' id='word_1_244' title='bbox 589 2284 692 2317; x_wconf 87' lang='lat' dir='ltr'><em>Jenae</em></span> <span class='ocrx_word' id='word_1_245' title='bbox 733 2283 834 2317; x_wconf 73' lang='lat'>1701.</span> <span class='ocrx_word' id='word_1_246' title='bbox 887 2283 1055 2328; x_wconf 81' lang='lat' dir='ltr'><em>aliosque</em></span> 
     </span>
    </p>
   </div>
   <div class='ocr_carea' id='block_1_9' title="bbox 224 2350 871 2397">
    <p class='ocr_par' dir='ltr' id='par_1_11' title="bbox 224 2350 871 2397">
     <span class='ocr_line' id='line_1_29' title="bbox 224 2350 871 2397; baseline 0.003 -12"><span class='ocrx_word' id='word_1_247' title='bbox 224 2350 396 2385; x_wconf 81' lang='lat' dir='ltr'><em>historiae</em></span> <span class='ocrx_word' id='word_1_248' title='bbox 420 2355 634 2396; x_wconf 79' lang='lat' dir='ltr'><em>martyrum</em></span> <span class='ocrx_word' id='word_1_249' title='bbox 658 2352 871 2397; x_wconf 80' lang='lat' dir='ltr'><em>scriptores.</em></span> 
     </span>
    </p>
   </div>
   <div class='ocr_carea' id='block_1_10' title="bbox 156 2433 1058 2686">
    <p class='ocr_par' dir='ltr' id='par_1_12' title="bbox 156 2433 1058 2686">
     <span class='ocr_line' id='line_1_30' title="bbox 156 2433 1057 2479; baseline 0 -10"><span class='ocrx_word' id='word_1_250' title='bbox 156 2435 190 2463; x_wconf 86' lang='lat' dir='ltr'><em>ll</em></span> <span class='ocrx_word' id='word_1_251' title='bbox 215 2435 270 2469; x_wconf 80' lang='lat' dir='ltr'><em>De</em></span> <span class='ocrx_word' id='word_1_252' title='bbox 291 2434 396 2469; x_wconf 79' lang='lat' dir='ltr'><em>hisce</em></span> <span class='ocrx_word' id='word_1_253' title='bbox 421 2433 658 2479; x_wconf 65' lang='lat' dir='ltr'><em>Martyribus</em></span> <span class='ocrx_word' id='word_1_254' title='bbox 688 2435 807 2470; x_wconf 81' lang='lat' dir='ltr'><em>Lucas</em></span> <span class='ocrx_word' id='word_1_255' title='bbox 836 2435 1057 2470; x_wconf 81' lang='lat' dir='ltr'><em>Holstenius</em></span> 
     </span>
     <span class='ocr_line' id='line_1_31' title="bbox 225 2503 1056 2550; baseline 0.002 -13"><span class='ocrx_word' id='word_1_256' title='bbox 225 2503 413 2538; x_wconf 87' lang='lat' dir='ltr'><em>intellexit</em></span> <span class='ocrx_word' id='word_1_257' title='bbox 433 2503 551 2536; x_wconf 78' lang='lat' dir='ltr'><em>verba</em></span> <span class='ocrx_word' id='word_1_258' title='bbox 572 2504 801 2539; x_wconf 80' lang='lat' dir='ltr'><em>Tertulliani</em></span> <span class='ocrx_word' id='word_1_259' title='bbox 829 2505 869 2540; x_wconf 90' lang='lat' dir='ltr'><em>in</em></span> <span class='ocrx_word' id='word_1_260' title='bbox 897 2506 1056 2550; x_wconf 81' lang='lat' dir='ltr'><em>Apolog.</em></span> 
     </span>
     <span class='ocr_line' id='line_1_32' title="bbox 228 2572 1058 2616; baseline 0 -9"><span class='ocrx_word' id='word_1_261' title='bbox 228 2585 258 2607; x_wconf 82' lang='lat' dir='ltr'><em>c.</em></span> <span class='ocrx_word' id='word_1_262' title='bbox 278 2572 335 2607; x_wconf 82' lang='lat'><em>50.</em></span> <span class='ocrx_word' id='word_1_263' title='bbox 390 2572 568 2616; x_wconf 72' lang='lat' dir='ltr'><em>Epistolae</em></span> <span class='ocrx_word' id='word_1_264' title='bbox 607 2573 751 2607; x_wconf 80' lang='lat' dir='ltr'><em>selectae</em></span> <span class='ocrx_word' id='word_1_265' title='bbox 790 2575 846 2609; x_wconf 88' lang='lat' dir='ltr'><em>ed.</em></span> <span class='ocrx_word' id='word_1_266' title='bbox 879 2574 1058 2608; x_wconf 86' lang='lat' dir='ltr'><em>Boisson-</em></span> 
     </span>
     <span class='ocr_line' id='line_1_33' title="bbox 226 2640 1058 2686; baseline 0 -10"><span class='ocrx_word' id='word_1_267' title='bbox 226 2643 321 2676; x_wconf 82' lang='lat' dir='ltr'><em>nade</em></span> <span class='ocrx_word' id='word_1_268' title='bbox 343 2654 376 2686; x_wconf 85' lang='lat' dir='ltr'><em>p.</em></span> <span class='ocrx_word' id='word_1_269' title='bbox 394 2640 473 2675; x_wconf 82' lang='lat'>513.</span> <span class='ocrx_word' id='word_1_270' title='bbox 526 2641 573 2674; x_wconf 87' lang='lat' dir='ltr'><em>At</em></span> <span class='ocrx_word' id='word_1_271' title='bbox 594 2641 639 2674; x_wconf 77' lang='lat' dir='ltr'><em>de</em></span> <span class='ocrx_word' id='word_1_272' title='bbox 660 2642 779 2685; x_wconf 85' lang='lat' dir='ltr'><em>priori</em></span> <span class='ocrx_word' id='word_1_273' title='bbox 799 2642 1058 2686; x_wconf 86' lang='lat' dir='ltr'><em>persecutione</em></span> 
     </span>
    </p>
   </div>
   <div class='ocr_carea' id='block_1_11' title="bbox 227 2710 1060 2757">
    <p class='ocr_par' dir='ltr' id='par_1_13' title="bbox 227 2710 1060 2757">
     <span class='ocr_line' id='line_1_34' title="bbox 227 2710 1060 2757; baseline 0.002 -12"><span class='ocrx_word' id='word_1_274' title='bbox 227 2715 358 2757; x_wconf 78' lang='lat' dir='ltr'><em>agunt,</em></span> <span class='ocrx_word' id='word_1_275' title='bbox 385 2721 502 2756; x_wconf 85' lang='lat' dir='ltr'><em>quum</em></span> <span class='ocrx_word' id='word_1_276' title='bbox 525 2710 792 2756; x_wconf 83' lang='lat' dir='ltr'><em>Apologeticus</em></span> <span class='ocrx_word' id='word_1_277' title='bbox 822 2712 982 2756; x_wconf 79' lang='lat' dir='ltr'><em>scriptus</em></span> <span class='ocrx_word' id='word_1_278' title='bbox 1011 2712 1060 2747; x_wconf 79' lang='lat' dir='ltr'><em>sit</em></span> 
     </span>
    </p>
   </div>
   <div class='ocr_carea' id='block_1_12' title="bbox 1193 1920 2029 2035">
    <p class='ocr_par' dir='ltr' id='par_1_14' title="bbox 1193 1920 2029 2035">
     <span class='ocr_line' id='line_1_35' title="bbox 1197 1920 2029 1962; baseline 0.008 -7"><span class='ocrx_word' id='word_1_279' title='bbox 1197 1921 1293 1955; x_wconf 88' lang='lat' dir='ltr'><em>anno</em></span> <span class='ocrx_word' id='word_1_280' title='bbox 1326 1920 1417 1962; x_wconf 73' lang='lat'><em>199,</em></span> <span class='ocrx_word' id='word_1_281' title='bbox 1451 1920 1614 1956; x_wconf 86' lang='lat' dir='ltr'><em>triennio</em></span> <span class='ocrx_word' id='word_1_282' title='bbox 1648 1925 1735 1957; x_wconf 81' lang='lat' dir='ltr'><em>ante</em></span> <span class='ocrx_word' id='word_1_283' title='bbox 1766 1923 1864 1958; x_wconf 80' lang='lat' dir='ltr'><em>hanc</em></span> <span class='ocrx_word' id='word_1_284' title='bbox 1893 1925 2029 1962; x_wconf 79' lang='lat' dir='ltr'><em>Severi</em></span> 
     </span>
     <span class='ocr_line' id='line_1_36' title="bbox 1193 1990 1507 2035; baseline 0.006 -13"><span class='ocrx_word' id='word_1_285' title='bbox 1193 1990 1507 2035; x_wconf 71' lang='lat' dir='ltr'><em>persecutionem.</em></span> 
     </span>
    </p>
   </div>
   <div class='ocr_carea' id='block_1_13' title="bbox 1126 2075 2028 2123">
    <p class='ocr_par' dir='ltr' id='par_1_15' title="bbox 1126 2075 2028 2123">
     <span class='ocr_line' id='line_1_37' title="bbox 1126 2075 2028 2123; baseline 0.008 -15"><span class='ocrx_word' id='word_1_286' title='bbox 1126 2075 1162 2103; x_wconf 84' lang='grc'><strong>16</strong></span> <span class='ocrx_word' id='word_1_287' title='bbox 1187 2075 1347 2120; x_wconf 88' lang='lat' dir='ltr'><em>Scripsit</em></span> <span class='ocrx_word' id='word_1_288' title='bbox 1379 2076 1480 2109; x_wconf 87' lang='lat' dir='ltr'><em>hunc</em></span> <span class='ocrx_word' id='word_1_289' title='bbox 1514 2076 1657 2112; x_wconf 83' lang='lat' dir='ltr'><em>librum</em></span> <span class='ocrx_word' id='word_1_290' title='bbox 1686 2079 1813 2113; x_wconf 81' lang='lat' dir='ltr'><em>media</em></span> <span class='ocrx_word' id='word_1_291' title='bbox 1851 2091 2028 2123; x_wconf 81' lang='lat' dir='ltr'><em>perseeu-</em></span> 
     </span>
    </p>
   </div>
   <div class='ocr_carea' id='block_1_14' title="bbox 1196 2147 2030 2253">
    <p class='ocr_par' dir='ltr' id='par_1_16' title="bbox 1196 2147 2030 2253">
     <span class='ocr_line' id='line_1_38' title="bbox 1626 2147 2026 2192; baseline 0.008 -12"><span class='ocrx_word' id='word_1_292' title='bbox 1626 2147 1796 2181; x_wconf 84' lang='lat' dir='ltr'><em>Noesselt</em></span> <span class='ocrx_word' id='word_1_293' title='bbox 1825 2149 1874 2182; x_wconf 91' lang='grc' dir='ltr'><em>Π.</em></span> <span class='ocrx_word' id='word_1_294' title='bbox 1907 2161 1939 2192; x_wconf 89' lang='lat' dir='ltr'><em>p.</em></span> <span class='ocrx_word' id='word_1_295' title='bbox 1968 2149 2026 2183; x_wconf 82' lang='lat'><em>20.</em></span> 
     </span>
     <span class='ocr_line' id='line_1_39' title="bbox 1196 2213 2030 2253; baseline 0.007 -6"><span class='ocrx_word' id='word_1_296' title='bbox 1196 2214 1243 2247; x_wconf 76' lang='lat' dir='ltr'><em>ad</em></span> <span class='ocrx_word' id='word_1_297' title='bbox 1268 2213 1541 2248; x_wconf 79' lang='lat' dir='ltr'><em>confirmandos</em></span> <span class='ocrx_word' id='word_1_298' title='bbox 1569 2214 1607 2248; x_wconf 86' lang='lat' dir='ltr'><em>in</em></span> <span class='ocrx_word' id='word_1_299' title='bbox 1632 2217 1840 2250; x_wconf 79' lang='lat' dir='ltr'><em>constantia</em></span> <span class='ocrx_word' id='word_1_300' title='bbox 1865 2217 2030 2253; x_wconf 82' lang='lat' dir='ltr'><em>Christi-</em></span> 
     </span>
    </p>
   </div>
   <div class='ocr_carea' id='block_1_15' title="bbox 1196 2282 1867 2330">
    <p class='ocr_par' dir='ltr' id='par_1_17' title="bbox 1196 2282 1867 2330">
     <span class='ocr_line' id='line_1_40' title="bbox 1196 2282 1867 2330; baseline 0.007 -15"><span class='ocrx_word' id='word_1_301' title='bbox 1196 2293 1297 2316; x_wconf 80' lang='lat' dir='ltr'><em>anos.</em></span> <span class='ocrx_word' id='word_1_302' title='bbox 1347 2282 1519 2316; x_wconf 75' lang='lat' dir='ltr'><em>Neander</em></span> <span class='ocrx_word' id='word_1_303' title='bbox 1541 2284 1584 2318; x_wconf 82' lang='lat' dir='ltr'><em>G.</em></span> <span class='ocrx_word' id='word_1_304' title='bbox 1607 2285 1642 2319; x_wconf 80' lang='lat' dir='ltr'><em>d.</em></span> <span class='ocrx_word' id='word_1_305' title='bbox 1665 2285 1710 2319; x_wconf 84' lang='lat' dir='ltr'><em>T.</em></span> <span class='ocrx_word' id='word_1_306' title='bbox 1733 2297 1769 2330; x_wconf 86' lang='lat' dir='ltr'><em>p.</em></span> <span class='ocrx_word' id='word_1_307' title='bbox 1787 2285 1867 2320; x_wconf 84' lang='lat'><strong>140.</strong></span> 
     </span>
    </p>
   </div>
   <div class='ocr_carea' id='block_1_16' title="bbox 1196 2143 1562 2184">
    <p class='ocr_par' dir='ltr' id='par_1_18' title="bbox 1196 2143 1562 2184">
     <span class='ocr_line' id='line_1_41' title="bbox 1196 2143 1562 2184; baseline 0.005 -7"><span class='ocrx_word' id='word_1_308' title='bbox 1196 2143 1321 2184; x_wconf 82' lang='lat' dir='ltr'><em>tione,</em></span> <span class='ocrx_word' id='word_1_309' title='bbox 1357 2155 1452 2177; x_wconf 81' lang='lat' dir='ltr'><em>anno</em></span> <span class='ocrx_word' id='word_1_310' title='bbox 1482 2145 1562 2180; x_wconf 75' lang='lat'><em>204.</em></span> 
     </span>
    </p>
   </div>
   <div class='ocr_carea' id='block_1_17' title="bbox 1127 2365 2031 2622">
    <p class='ocr_par' dir='ltr' id='par_1_19' title="bbox 1127 2365 2031 2622">
     <span class='ocr_line' id='line_1_42' title="bbox 1127 2365 2031 2412; baseline 0.009 -14"><span class='ocrx_word' id='word_1_311' title='bbox 1127 2365 1162 2394; x_wconf 76' lang='lat'><em>17</em></span> <span class='ocrx_word' id='word_1_312' title='bbox 1188 2367 1266 2400; x_wconf 80' lang='lat' dir='ltr'><em>Nee</em></span> <span class='ocrx_word' id='word_1_313' title='bbox 1286 2367 1473 2410; x_wconf 75' lang='lat' dir='ltr'><em>quicquam</em></span> <span class='ocrx_word' id='word_1_314' title='bbox 1493 2372 1616 2401; x_wconf 75' lang='lat' dir='ltr'><em>tamen</em></span> <span class='ocrx_word' id='word_1_315' title='bbox 1632 2370 1771 2412; x_wconf 78' lang='lat' dir='ltr'><em>efficit,</em></span> <span class='ocrx_word' id='word_1_316' title='bbox 1803 2370 1920 2404; x_wconf 79' lang='lat' dir='ltr'><em>verba</em></span> <span class='ocrx_word' id='word_1_317' title='bbox 1943 2374 2031 2407; x_wconf 78' lang='lat' dir='ltr'><em>sunt</em></span> 
     </span>
     <span class='ocr_line' id='line_1_43' title="bbox 1196 2435 2029 2484; baseline 0.007 -16"><span class='ocrx_word' id='word_1_318' title='bbox 1196 2435 1430 2470; x_wconf 81' lang='lat' dir='ltr'><em>Tertulliani</em></span> <span class='ocrx_word' id='word_1_319' title='bbox 1452 2436 1650 2483; x_wconf 82' lang='lat' dir='ltr'><em>Apologet.</em></span> <span class='ocrx_word' id='word_1_320' title='bbox 1680 2450 1710 2473; x_wconf 87' lang='lat' dir='ltr'><em>c.</em></span> <span class='ocrx_word' id='word_1_321' title='bbox 1731 2438 1787 2472; x_wconf 81' lang='lat'><em>50.</em></span> <span class='ocrx_word' id='word_1_322' title='bbox 1826 2440 2029 2484; x_wconf 71' lang='lat' dir='ltr'><em>exquisitior</em></span> 
     </span>
     <span class='ocr_line' id='line_1_44' title="bbox 1197 2507 2029 2549; baseline 0.01 -13"><span class='ocrx_word' id='word_1_323' title='bbox 1197 2517 1341 2549; x_wconf 74' lang='lat' dir='ltr'><em>qumque</em></span> <span class='ocrx_word' id='word_1_324' title='bbox 1373 2507 1569 2540; x_wconf 70' lang='lat' dir='ltr'><em>crudelitas</em></span> <span class='ocrx_word' id='word_1_325' title='bbox 1601 2512 1743 2549; x_wconf 78' lang='lat' dir='ltr'><em>vestra,</em></span> <span class='ocrx_word' id='word_1_326' title='bbox 1778 2508 1948 2543; x_wconf 81' lang='lat' dir='ltr'><em>illecebra</em></span> <span class='ocrx_word' id='word_1_327' title='bbox 1977 2515 2029 2544; x_wconf 85' lang='lat' dir='ltr'><em>est</em></span> 
     </span>
     <span class='ocr_line' id='line_1_45' title="bbox 1198 2575 2028 2622; baseline 0.006 -15"><span class='ocrx_word' id='word_1_328' title='bbox 1198 2575 1319 2619; x_wconf 82' lang='lat' dir='ltr'><em>magis</em></span> <span class='ocrx_word' id='word_1_329' title='bbox 1347 2579 1461 2608; x_wconf 81' lang='lat' dir='ltr'><em>sectae.</em></span> <span class='ocrx_word' id='word_1_330' title='bbox 1508 2576 1638 2610; x_wconf 81' lang='lat' dir='ltr'><em>Plures</em></span> <span class='ocrx_word' id='word_1_331' title='bbox 1666 2577 1857 2620; x_wconf 81' lang='lat' dir='ltr'><em>efficimur,</em></span> <span class='ocrx_word' id='word_1_332' title='bbox 1891 2579 2028 2622; x_wconf 79' lang='lat' dir='ltr'><em>quoties</em></span> 
     </span>
    </p>
   </div>
   <div class='ocr_carea' id='block_1_18' title="bbox 1198 2643 2029 2693">
    <p class='ocr_par' dir='ltr' id='par_1_20' title="bbox 1198 2643 2029 2693">
     <span class='ocr_line' id='line_1_46' title="bbox 1198 2643 2029 2693; baseline 0.008 -18"><span class='ocrx_word' id='word_1_333' title='bbox 1198 2644 1362 2677; x_wconf 73' lang='lat' dir='ltr'><em>metimur</em></span> <span class='ocrx_word' id='word_1_334' title='bbox 1403 2655 1426 2676; x_wconf 90' lang='lat' dir='ltr'><em>a</em></span> <span class='ocrx_word' id='word_1_335' title='bbox 1454 2643 1574 2685; x_wconf 71' lang='grc' dir='ltr'><em>υοόἰες</em></span> <span class='ocrx_word' id='word_1_336' title='bbox 1621 2657 1738 2680; x_wconf 85' lang='lat' dir='ltr'><em>semen</em></span> <span class='ocrx_word' id='word_1_337' title='bbox 1781 2651 1832 2681; x_wconf 86' lang='lat' dir='ltr'><em>est</em></span> <span class='ocrx_word' id='word_1_338' title='bbox 1875 2648 2029 2693; x_wconf 75' lang='lat' dir='ltr'><em>sanguis</em></span> 
     </span>
    </p>
   </div>
   <div class='ocr_carea' id='block_1_19' title="bbox 1205 2713 1499 2747">
    <p class='ocr_par' dir='ltr' id='par_1_21' title="bbox 1205 2713 1499 2747">
     <span class='ocr_line' id='line_1_47' title="bbox 1205 2713 1499 2747; baseline -0.003 0"><span class='ocrx_word' id='word_1_339' title='bbox 1205 2713 1499 2747; x_wconf 76' lang='lat' dir='ltr'><em>Christianorum.</em></span> 
     </span>
    </p>
   </div>
  </div>
 </body>
</html>
