2341 3340
1138 139 1238 188 1⁰2

434 283 474 323 3.
536 282 910 338 Paedobaptismus
930 282 975 324 in
991 281 1185 323 Africana
1198 280 1388 321 Ecclesia
1408 279 1496 335 jam
1511 283 1606 323 ante
1622 278 1920 322 Tertullianum
1945 281 2180 335 invaluerat.

253 363 360 405 Eum
394 374 491 403 vero
518 363 769 416 reprobavit,
807 362 908 402 licet
938 374 962 403 a
996 361 1135 402 multis
1169 359 1484 410 defenderetur,
1518 360 1621 401 locis
1648 354 1835 408 biblicis,
1874 360 2058 411 inprimis
2085 359 2182 402 Joh.

254 442 324 483 111.
350 442 405 490 5.,
442 456 556 484 suam
585 442 830 491 sententiam
867 440 1183 482 adstruentibus.
1255 438 1377 492 Quod
1409 443 1522 484 tanto
1566 439 1735 492 quidem
1774 439 1903 493 magis
1937 438 2182 489 mirandum,

255 535 380 576 quum
420 534 596 563 summas
639 521 692 561 de
731 522 976 562 necessitate
1016 520 1207 573 baptismi
1249 519 1329 560 sibi
1370 519 1635 563 informasset
1673 519 1862 561 notiones
1878 518 1914 547 13
1941 522 2064 570 atque
2101 516 2182 571 ipsi

255 602 453 655 baptismo
483 601 672 654 physicas
700 600 1000 653 quodammodo
1030 600 1139 639 vires
1167 598 1390 641 tribuisset.
1447 597 1602 640 Verum
1631 611 1757 651 quum
1787 599 2011 652 plenariam
2036 607 2184 650 pecca*

254 684 389 722 torum
421 680 706 721 remissionem
749 692 841 720 cum
880 679 1081 732 baptismo
1123 680 1383 733 conjunctam
1427 690 1521 718 esse
1559 680 1785 728 statueret,
1835 679 1989 718 veritus
2025 680 2089 717 est
2131 686 2186 717 ne

253 759 477 813 baptismus
506 760 627 801 nimis
658 759 874 801 festinatus
902 761 967 809 iis,
1011 759 1081 812 qui
1109 762 1202 811 post
1231 771 1326 798 eum
1353 760 1590 811 susceptum
1617 757 1768 796 iterum
1798 760 2028 809 pecassent,
2065 765 2187 809 grave

254 839 395 880 salutis
427 840 721 881 detrimentum
758 839 965 879 adlaturus
1007 839 1130 878 foret.
1198 837 1475 890 Quamobrem
1521 836 1888 890 paedobaptismum
1911 832 2188 875 *vehementer

256 917 485 965 dissuadet,
523 916 577 956 de
605 917 715 968 bapt.
745 928 779 955 c.
807 917 912 962 18³.
941 919 1008 956 ait
1035 918 1207 970 quidem
1240 919 1481 958 Dominus:
1524 918 1665 957 nolite
1692 918 1791 958 illos
1826 910 2056 968 (parvulos)
2082 927 2187 970 pro-

254 997 397 1037 hibere
427 995 488 1036 ad
515 1009 583 1036 me
614 996 768 1036 venire
797 994 967 1045 (Matth.
990 993 1102 1034 XIX.
1131 994 1198 1034 14.
1239 993 1376 1035 Marci
1402 993 1454 1034 X.
1475 994 1542 1034 14.
1573 992 1662 1047 15.)
1726 996 1919 1037 Veniant
1948 1008 2054 1048 ergo
2086 994 2189 1034 dum

255 1075 543 1123 adolescunt,
594 1076 780 1116 veniant
829 1074 930 1114 dum
974 1073 1149 1115 discunt
1165 1103 1179 1123 ,
1230 1073 1333 1126 dum
1380 1087 1463 1129 quo
1512 1075 1695 1115 veniant
1746 1074 1970 1115 docentur.
2049 1074 2190 1115 Fiant

255 1154 502 1197 Christiani
525 1153 627 1195 dum
658 1154 880 1194 Christum
909 1166 1036 1194 nosse
1061 1158 1318 1208 potuerunt.
1379 1153 1493 1206 Quid
1516 1154 1718 1206 festinat
1746 1153 1957 1193 innocens
1985 1158 2098 1193 oetas
2128 1151 2189 1193 ad

255 1234 553 1281 remissionem
582 1231 940 1288 peccatorumw?
997 1234 1193 1274 Pericula·
1218 1245 1382 1285 quoque
1410 1232 1612 1282 meminit,
1652 1246 1732 1288 quo
1764 1233 2030 1286 ingerentur
2049 1243 2190 1286 spon-

255 1327 405 1361 sores,
451 1314 550 1367 quia
584 1318 628 1354 et
659 1314 748 1368 ipsi
775 1325 856 1367 per
886 1314 1206 1354 mortalitatem
1243 1312 1486 1353 destituere
1514 1313 1829 1367 promissiones
1857 1325 1963 1351 suus
1988 1316 2191 1365 possunt,

257 1398 303 1434 et
321 1398 545 1448 proventu
568 1393 697 1433 malae
721 1392 882 1433 indolis
894 1394 1019 1446 falli.
1079 1392 1143 1432 Ex
1171 1392 1318 1444 quibus
1347 1404 1445 1431 vero
1463 1394 1589 1443 patet,
1620 1403 1715 1430 eum
1736 1394 1805 1430 aut
1832 1391 1952 1442 plane
1967 1390 2192 1442 ignorasse,

256 1474 327 1511 aut
364 1472 518 1519 nullam
555 1471 748 1510 tribuisse
786 1470 912 1516 fidem
953 1472 1188 1524 apostolicae
1227 1472 1288 1511 illi
1323 1471 1562 1519 traditioni,
1608 1482 1662 1509 ex
1704 1481 1784 1520 qua
1826 1468 2054 1521 Origenes,
2101 1467 2193 1520 ejus

255 1550 446 1601 aequalis,
487 1548 860 1601 Paedobaptismum
895 1549 1148 1591 derivavitw.
1214 1549 1362 1602 Neque
1394 1549 1501 1590 hanc
1540 1549 1704 1589 novisse
1746 1547 1909 1588 videtur
1951 1546 2192 1598 Cyprianus,

257 1629 326 1682 qui
355 1629 536 1681 alioquin
565 1630 793 1669 certissime
826 1629 878 1670 ad
910 1642 1002 1670 eam
1028 1632 1312 1683 provocasset,
1342 1640 1468 1680 quum
1499 1631 1641 1670 contra
1673 1625 1918 1668 Tertulliani
1947 1624 2195 1666 sententiam

255 1706 630 1760 Paedobaptismum
668 1712 958 1761 propugnaret.
1025 1708 1107 1748 Hic
1141 1709 1252 1748 enim
1292 1706 1641 1761 Carthaginiensis
1676 1706 1906 1760 Episcopus
1951 1703 2194 1758 dogmaticis

256 1787 440 1840 magistri
473 1787 536 1827 sui
571 1788 820 1841 argumentis
853 1789 951 1829 alia·>
964 1788 1196 1842 dogmatica
1224 1788 1438 1841 opposuit,
1481 1787 1582 1828 licet
1608 1788 1652 1828 in
1681 1798 1847 1827 arenam
1880 1798 1973 1825 cum
2002 1797 2052 1826 eo
2082 1783 2195 1825 haud

257 1866 552 1916 descenderet,
590 1879 824 1918 nomenque
855 1867 944 1920 ejus
976 1867 1235 1916 reticeret²¹;
1272 1869 1316 1910 et
1343 1864 1709 1918 paedobaptismum
1739 1877 1822 1904 non
1859 1864 1992 1904 solum
2020 1862 2213 1912 licitum,

257 1945 332 1987 sed
361 1947 635 1988 necessarium
660 1950 784 1999 atque
813 1946 902 1987 sine
938 1959 1054 1988 mora
1092 1944 1456 1987 administrandum
1488 1956 1581 1985 esse
1619 1943 1865 1993 declaravit,
1905 1955 2031 1996 quum
2060 1940 2192 1984 Fidus

257 2024 487 2079 Episcopus
514 2026 618 2067 Afer
652 2026 862 2076 statuerit,
904 2026 1177 2079 baptismum,
1215 2025 1287 2077 qui
1315 2025 1359 2066 in
1399 2025 1539 2065 locum
1572 2023 1896 2064 circumcisionis
1933 2021 2193 2070 successerit,

258 2116 387 2156 usque
417 2105 468 2145 ad
497 2109 683 2146 octavum
710 2109 804 2158 post
831 2105 1084 2146 nativitatem
1112 2105 1222 2145 diem
1249 2103 1627 2157 procrastinandum
1654 2116 1759 2152 esse,
1793 2114 1871 2154 qua
1894 2101 1947 2141 de
1974 2113 2022 2141 re
2048 2099 2194 2141 confer

259 2184 419 2236 epistol.
448 2183 516 2224 37.
540 2183 609 2225 59.
632 2183 761 2225 64.22.
817 2185 886 2230 De
917 2172 1129 2240 baptismo
1159 2185 1421 2226 clinicorum
1441 2182 1590 2223 eadem
1612 2181 1811 2225 Afrorum
1838 2194 1929 2235 quae
1959 2183 2192 2220 ceterorum

284 2338 320 2368 18
343 2341 400 2376 De
429 2341 622 2387 baptismo
649 2353 681 2377 c.
703 2341 761 2377 13.
900 2339 903 2342 ⁴
1006 2340 1008 2343 '
1273 2339 1309 2371 21
1335 2339 1453 2386 Epist.
1479 2338 1536 2377 64.
1562 2339 1611 2377 ad
1643 2338 1798 2375 Fidum.

285 2448 320 2479 ¹⁹
345 2450 391 2486 1¹¹
411 2451 513 2486 libm
532 2461 623 2486 vem
645 2449 691 2485 ‘lc
706 2449 833 2486 anima
844 2461 997 2486 ⁰mn⁰m
1008 2450 1205 2497 baptismi’
1275 2471 1312 2503 22
1339 2471 1511 2518 Epistola
1546 2470 1739 2519 Synodica
1767 2471 1875 2507 tertii
1897 2471 2008 2509 Cone.
2029 2462 2190 2509 cartha·

1348 2542 1534 2590 giniensis
1561 2553 1658 2577 anno
1694 2541 1775 2578 253.
1804 2542 1874 2577 sub
1903 2542 2191 2588 Cyprianoha-

1345 2613 1447 2657 biti,
1487 2613 1586 2648 inter
1614 2611 1862 2658 Cyprianicas
1890 2613 2020 2648 LXIV.
2049 2623 2086 2658 p.
2110 2611 2189 2648 161.

285 2682 322 2713 2⁰
348 2685 605 2720 Commentar.
650 2684 687 2720 in
728 2685 889 2730 Epistol.
924 2686 972 2722 ad
1011 2686 1205 2722 Romanos
1345 2687 1384 2719 et
1423 2682 1614 2730 Angustia
1656 2694 1713 2729 ep.
1750 2681 1808 2718 66.
1846 2693 1904 2728 ap.
1937 2682 2072 2717 Routh
2101 2681 2190 2717 Rei.
2240 2670 2246 2676 ⁸

357 2754 399 2791 1..
425 2756 467 2790 V.
492 2767 576 2801 opp.
604 2755 714 2791 Tom.
739 2756 804 2791 IV.
831 2767 867 2802 p.
891 2755 972 2792 565.
999 2755 1121 2792 Ruaei.
1346 2753 1451 2791 Sam.
1483 2754 1554 2790 111.
1582 2765 1619 2800 p.
1640 2753 1721 2790 121.
1746 2752 1845 2789 conf.
1868 2755 2054 2798 praeterea
2075 2751 2116 2789 J.
2143 2751 2190 2788 G.

356 2531 444 2555 cum
480 2521 701 2556 adultorum
738 2524 822 2556 tum
854 2521 1074 2565 infantum,
1116 2522 1205 2568 Pro-

359 2590 671 2626 crastinationem
718 2592 972 2628 commendat.
