2341 3340
1007 130 1107 177 185

104 273 187 315 Ubi
218 275 325 316 enim
353 286 456 315 uxor
475 273 701 314 Christiana
729 271 917 312 maritum
943 269 1086 310 habuit
1109 269 1328 310 Ethnicum
1345 268 1596 328 deorumque
1625 275 1751 316 cultui
1779 274 2007 319 addictissi-

102 366 236 402 mum,
274 354 383 392 filius
413 353 665 392 Christianus
708 351 842 389 filiave
873 352 1028 401 patrem
1061 353 1316 402 matremque
1371 363 1535 393 severos
1577 354 1785 407 religionis
1824 359 2010 409 paternae

102 436 339 480 assertores,
369 433 440 471 ubi
469 443 608 472 servus
639 429 892 468 Christianus
921 428 1130 468 dominum
1158 428 1302 468 habuit
1330 429 1473 470 eadem
1500 436 1637 471 mente
1665 432 1885 483 adfectum,
1917 447 2010 487 quae

102 508 218 548 hisce
264 510 449 549 omnibus
491 508 670 547 tristiora
715 507 880 546 evenire
926 506 1186 558 potuerunt?
1260 506 1389 546 Hisce
1437 519 1599 559 quoque
1641 510 1692 550 de
1729 513 2008 555 vexationibus

104 587 425 628 Christianorum
458 586 693 625 domesticis
726 586 910 636 queritur
946 585 1243 634 Tertullianus,
1279 585 1453 639 Apolog.
1477 598 1513 625 c.
1534 586 1574 625 3.
1625 590 1846 632 Nonnulli
1874 593 2008 633 etiam

102 667 157 707 de
192 666 459 707 utilitatibus
497 666 589 705 suis
625 679 717 704 cum
748 665 845 704 odio
883 666 967 707 isto
1000 666 1312 719 paciscuntur,
1358 666 1558 705 contenti
1587 666 1784 718 injuria,
1818 670 1921 711 dum
1951 685 2008 712 ne

101 745 221 785 domi
261 744 450 784 babeant
494 743 607 798 quod
648 743 849 783 oderunt.
934 742 1123 784 Umorem
1163 742 1262 795 jam
1305 743 1512 796 pudicam
1559 746 1745 785 maritus
1776 746 1873 798 jam
1916 763 2007 790 non

101 824 326 877 zelotypus
375 824 529 877 ejecit,
574 823 723 876 filium
762 821 860 875 jam
907 821 1148 874 subjectum
1192 826 1327 875 pater
1377 827 1498 863 retro
1543 823 1722 877 patiens
1769 823 2008 874 abdicavit,

101 916 273 944 servum
312 903 410 956 jam
436 901 616 955 fidelem
660 899 858 939 dominus
901 901 1003 940 olim
1040 901 1159 940 mitis
1195 900 1247 940 ab
1284 901 1420 941 oculis
1456 901 1700 954 relegavit:
1744 907 1795 944 ut
1834 905 2008 959 quisque

101 980 182 1021 lzoc
210 982 384 1021 nomine
411 979 682 1026 emendatur,
724 978 922 1033 offendit.
986 979 1127 1019 Tanti
1161 991 1250 1019 non
1279 984 1341 1018 est
1372 978 1546 1026 bonum,
1588 982 1747 1033 quanti
1773 987 1839 1022 est
1862 983 2009 1024 odium

104 1059 485 1102 Christianorum!
544 1057 638 1097 Huc
677 1068 840 1107 quoque
876 1057 1046 1109 respicit
1087 1057 1132 1096 in
1176 1056 1308 1096 vivida
1348 1055 1557 1096 felicitatis
1603 1061 1725 1109 atque
1774 1059 2008 1101 concordiae

100 1138 349 1186 domesticae,
380 1150 503 1189 quum
534 1139 711 1187 uterque
736 1135 884 1189 conjux
909 1135 1118 1176 Christum
1148 1136 1315 1184 coleret,
1347 1134 1642 1187 descriptione3
1681 1136 1731 1175 ad
1753 1150 1868 1177 uxor.
1896 1138 2009 1178 L.11.

99 1229 135 1258 c.
149 1217 223 1257 ult.
249 1216 383 1257 verbis
409 1218 692 1269 eleemosynae
719 1217 815 1256 sine
836 1219 1066 1256 tormento.
1119 1213 1362 1253 Christianae
1391 1213 1581 1253 nimirum
1610 1215 1776 1254 maritus
1808 1216 2010 1266 ethnicus,

98 1296 171 1337 ubi
200 1295 252 1335 de
282 1295 367 1335 suis
399 1295 522 1335 rebus
555 1294 708 1344 aliquid
745 1294 824 1334 sibi
853 1293 995 1332 abesse
1027 1295 1251 1340 notaverat,
1299 1292 1349 1332 ab
1384 1303 1512 1331 uxore
1543 1291 1653 1330 forte
1682 1292 1726 1331 in
1757 1292 2009 1335 Christianos

98 1386 298 1428 pauperes
316 1373 552 1421 delibatum,
583 1373 822 1425 plerumque
845 1370 948 1410 adeo
969 1370 1176 1419 saeviebat,
1204 1373 1250 1409 ut
1279 1381 1417 1410 servos
1438 1370 1576 1409 uxoris
1590 1371 1774 1422 torqueri
1789 1370 2012 1423 juberetffl.

98 1452 244 1504 Neque
283 1452 416 1492 minus
453 1452 541 1504 ipsa
579 1451 709 1491 cultus
747 1449 873 1489 divini
919 1449 1172 1502 participatio
1211 1449 1346 1489 mariti
1380 1449 1424 1488 in
1458 1461 1628 1489 uxorem
1665 1450 1746 1489 iras
1775 1450 1887 1489 h-aud
1916 1463 2011 1493 raro

100 1530 369 1571 concitabant.
428 1529 598 1569 Testem
636 1526 815 1568 eundem
851 1527 1049 1567 habemus
1082 1527 1409 1567 Tertullianum:
1461 1533 1512 1568 ut
1540 1530 1582 1568 si
1626 1529 1760 1569 statio
1794 1530 2010 1581 facienda

100 1615 179 1657 est,
205 1610 338 1660 inquit
359 1607 474 1648 12.st
502 1607 553 1647 ad
576 1620 692 1647 uxor.
715 1620 750 1647 c.
763 1606 803 1647 4.
832 1608 1019 1647 maritus
1046 1606 1100 1646 de
1126 1606 1196 1646 die
1220 1606 1422 1649 condicat
1451 1606 1512 1646 ad
1535 1606 1734 1647 balneas:
1770 1609 1811 1648 si
1829 1607 2009 1661 jejunia

102 1687 373 1729 observanda
402 1691 529 1734 sunt,
570 1689 757 1728 maritus
789 1685 939 1726 eadem
970 1685 1042 1725 die
1070 1686 1314 1725 convivium
1350 1690 1582 1727 exerceat.-
1620 1685 1664 1725 si
1685 1686 2009 1739 procedendum

99 1767 187 1807 erit
211 1763 348 1820 (sacra
375 1764 719 1815 frequentanda),
763 1778 982 1818 nunquam
1005 1765 1145 1816 magis
1164 1764 1359 1815 familiae
1383 1763 1607 1817 occupatio
1637 1762 1850 1805 obveniat.
1905 1766 2011 1818 Quis

99 1849 247 1885 autem
277 1845 397 1885 sinat
428 1844 658 1897 conjugem
685 1856 810 1883 suam
840 1842 1160 1882 visitandorum
1177 1843 1383 1893 fratrum
1407 1855 1555 1889 causa,
1586 1843 1762 1882 vicatim
1791 1844 1937 1883 aliena
1963 1849 2009 1885 et

98 1922 265 1977 quidem
288 1924 557 1977 pauperiora
583 1935 759 1976 quaeque
784 1920 966 1974 tuguria
989 1920 1206 1961 circuire?
1244 1920 1350 1971 Quis
1373 1921 1601 1960 nocturnis
1615 1922 2007 1969 convocationibus,

99 2001 142 2041 si
162 2001 227 2041 ita
257 2002 515 2055 oportuerit,
545 2014 573 2040 a
596 2002 737 2041 latere
761 2012 839 2040 suo
869 1999 1004 2039 eximi
1029 1999 1212 2040 libenter
1231 1999 1386 2051 seret?
1428 1999 1531 2050 Quis
1553 1998 1734 2052 denique
1751 2000 2009 2041 solemnibus

100 2078 280 2119 Paschae
302 2077 605 2118 abnoctantem
623 2092 800 2118 securus
822 2079 1081 2119 sustinebit?
1112 2079 1218 2129 Quis
1241 2078 1305 2119 ad
1325 2078 1571 2117 convivium
1594 2076 1853 2117 dominicum
1877 2079 2006 2125 illud,

100 2156 212 2211 qnod
221 2157 470 2208 infamant,
501 2157 595 2196 sine
617 2169 697 2196 sua
727 2157 973 2209 suspicione
1002 2155 1221 2197 dimittet?
1252 2157 1347 2208 quis
1375 2156 1422 2195 in
1451 2168 1670 2196 carcerem
1691 2156 1750 2196 ad
1770 2157 2006 2197 osculanda

103 2236 275 2276 vincula
312 2235 522 2288 martyris
557 2239 737 2288 reptare
766 2235 994 2287 patietur!
1044 2235 1144 2274 Jam
1183 2246 1285 2273 vero
1326 2234 1462 2273 alicui
1483 2235 1690 2286 fratrum
1728 2233 1788 2274 ad
1817 2235 2007 2275 osculum

100 2313 359 2360 convenire,
402 2326 556 2367 aquam
580 2317 830 2353 sanctorum
857 2312 1040 2366 pedibus
1069 2313 1249 2367 offerre,
1290 2311 1343 2351 de
1369 2312 1484 2360 cibo,
1518 2312 1571 2352 de
1597 2314 1751 2367 poculo
1782 2313 2006 2362 invadere,

102 2391 366 2438 desiderare,
406 2392 453 2430 in
479 2397 623 2431 mente
649 2391 820 2438 habere,
860 2392 903 2430 si
926 2396 970 2430 et
996 2404 1185 2445 peregre
1201 2392 1358 2442 frater
1388 2390 1611 2438 adveniat,
1641 2391 1756 2445 quod
1781 2392 1829 2431 in
1860 2392 2006 2432 aliena

103 2469 226 2509 domo
256 2469 522 2523 hospitium?
575 2469 630 2510 Sa·
658 2470 729 2510 cui
758 2469 1033 2523 largiendum
1066 2470 1173 2516 erit,
1206 2469 1436 2516 horreum,
1466 2482 1598 2523 poma
1636 2471 1853 2524 praeclusa
1886 2475 2003 2511 sunt.

124 2665 161 2695 ⁵⁰
184 2666 346 2702 Semleri
384 2668 503 2703 Index
540 2647 756 2703 Latinitatis
793 2668 1063 2704 Tertullianeae
1087 2652 1176 2704 stv.
1207 2652 1453 2705 tormentum.

262 2783 427 2818 Manten·
451 2784 655 2819 primordia
679 2783 848 2818 Ecclesiae
875 2785 1071 2827 Africanoe.
1696 2785 1742 2820 24
