2341 3340
1228 209 1296 256 80

306 353 383 410 (de
406 353 549 394 habitu
577 352 766 393 muliebri
798 365 833 392 c.
860 352 900 392 3.
935 354 977 392 et
1005 350 1060 392 de
1087 350 1229 392 idolol.
1259 364 1296 391 c.
1320 342 1363 390 4ss
1391 353 1433 391 et
1462 348 1566 404 15.).
1625 348 1741 390 Idem
1769 349 1898 390 fuisse
1926 350 2090 391 videtur
2119 351 2240 402 liber,

305 446 429 487 quem
473 446 525 473 ex
566 433 787 485 Aethiopia
830 433 966 472 attulit
1001 413 1217 471 Robcrtus
1246 431 1381 470 Bruce
1417 430 1596 479 Scotus;
1645 430 1792 470 similia
1833 443 1869 469 c.
1893 430 1933 469 6.
1965 434 2007 469 et
2041 430 2082 470 7,
2114 431 2242 471 habet

305 526 474 562 eorum,
517 527 609 565 quae
644 512 922 552 Tertullianus
963 512 1015 551 de
1056 513 1150 551 hab.
1186 511 1346 550 mulier.
1379 523 1414 549 c.
1441 510 1481 549 3.
1525 495 1703 563 disputat
1719 509 1749 548 4.
1820 509 1905 549 Sed
1944 510 2022 547 etsi
2053 510 2163 548 forte
2191 509 2242 549 ab

303 594 470 633 asseclis
500 592 770 641 Tertulliani,
813 592 882 644 qui
912 593 961 631 ab
992 605 1042 632 eo
1072 604 1222 631 nomen
1255 602 1419 642 quoque
1451 589 1586 629 sortiti
1613 592 1731 638 sunt,
1774 601 1849 642 pro
1885 602 2000 629 sacra
2038 588 2241 640 scriptura

305 671 435 711 fuerit
470 671 668 721 habitus,
717 673 806 724 ipse
845 673 954 711 enim
989 673 1018 712 l.
1048 685 1083 711 c.
1116 668 1419 725 scripturam-‘³
1471 682 1565 708 eum
1603 673 1749 718 vocat,
1798 669 1843 710 in
1887 668 2063 708 ecclesia
2102 669 2242 706 tamen

305 750 498 791 Africana
525 752 679 791 nullam
708 765 886 803 unquam
918 755 1059 791 nactus
1088 756 1151 791 est
1181 751 1417 789 canonicam
1447 749 1747 788 auctoritatem.

485 831 645 870 Novum
677 831 987 870 Testamentum
1018 831 1164 882 recipit
1186 830 1277 869 fere
1309 830 1528 881 integrum,
1567 827 1772 866 diversum
1798 830 1937 866 tamen
1964 826 2241 879 inspirationis

306 910 560 963 singulorum
588 910 785 948 librorum
816 909 985 960 gradum
1014 909 1225 947 admisisse
1254 908 1453 948 videturss.
1513 908 1646 958 Quum
1665 919 1760 945 vero
1788 907 1832 946 in
1861 907 1978 945 libris
2002 906 2071 958 qui
2100 918 2243 957 super-

306 992 401 1029 sunt
429 988 654 1039 Epistulam
686 986 722 1026 ΙΙ
750 986 889 1025 Petri⁷
925 991 966 1026 et
996 986 1055 1025 ΙΙΙ
1084 987 1282 1037 Johannis
1319 1000 1518 1038 nusquam
1549 988 1674 1026 verbo
1709 991 1873 1039 tangat,
1913 986 1966 1025 de
1995 985 2112 1025 hisce
2144 983 2243 1035 quid

306 1068 496 1108 statuerit
521 1067 769 1118 ignoramus.
826 1066 1051 1119 Epistulam
1083 1067 1133 1106 ad
1152 1066 1352 1105 Hebraeos
1369 1066 1592 1108 Barnabae
1620 1065 1828 1114 adscribit,
1861 1066 1913 1105 de
1935 1065 2094 1117 pudicit
2125 1063 2245 1103 (220.

305 1148 401 1187 ubi:
441 1154 567 1188 extat
597 1148 819 1188 Barnabae
851 1148 1011 1187 titulus
1042 1147 1101 1186 ad
1116 1146 1341 1194 Hebraeos,
1375 1159 1546 1198 eamque
1580 1159 1690 1198 saepe
1713 1145 1880 1184 laudats
1911 1144 2042 1184 Valde
2073 1144 2242 1183 dubium

308 1231 384 1276 est,
413 1239 462 1266 an
483 1226 687 1278 Epistolas
713 1226 902 1264 Paulinas
926 1226 1074 1278 legerit
1097 1226 1139 1264 in
1169 1238 1295 1264 unum
1316 1226 1403 1278 jam
1424 1227 1631 1281 Apostoli
1656 1225 1849 1264 volumen
1876 1223 2082 1272 collectas,
2117 1237 2243 1276 quum

305 1307 444 1360 potius
469 1319 566 1345 usus
591 1306 645 1345 sit
672 1305 884 1344 codicibus
912 1305 1057 1357 priscis
1087 1307 1182 1344 ante
1208 1299 1431 1353 ἀπόςολον
1452 1305 1587 1354 editis,
1619 1304 1729 1357 quod
1752 1304 1917 1356 quidem
1937 1303 2248 1353 Griesbachius,‘

305 1386 452 1426 harum
482 1398 621 1425 rerum
654 1385 806 1424 arbiter
836 1385 1121 1437 peritissimus,
1156 1385 1415 1424 confidenter
1446 1383 1627 1424 statuitss.
1685 1384 1886 1424 Univers‘e
1912 1385 2039 1423 libros
2069 1382 2246 1436 Apostoss

306 1465 409 1505 liccs
441 1465 563 1505 docet
594 1464 902 1518 cognoscendos
938 1479 993 1504 ea·
1020 1466 1268 1505 testimonio
1300 1466 1582 1505 ecclesiarum
1615 1464 1666 1504 ab
1695 1465 1919 1519 Apo-stolis
1948 1465 2241 1511 conditarum,

306 1545 535 1599 quibusque
564 1558 663 1584 suos
696 1545 830 1584 libros
862 1545 1091 1584 miseruut.
1125 1544 1213 1582 adv.
1244 1542 1373 1582 Marc.
1404 1543 1473 1584 IV.
1501 1542 1542 1583 5.
1599 1543 1688 1583 Nec
1720 1543 1942 1595 suppositis
1980 1543 2161 1582 Paulinis
2197 1555 2243 1583 se

309 1623 444 1676 decipi
485 1635 626 1676 passus
670 1626 744 1662 est.
801 1622 984 1675 .Rejecit
1022 1624 1131 1662 enim
1180 1622 1256 1678 (de
1294 1623 1496 1674 baptismo
1531 1635 1565 1661 c.
1598 1618 1686 1675 17.)
1728 1634 1820 1672 quae
1861 1621 1990 1660 Paulo
2029 1635 2242 1674 perperam

308 1702 511 1755 adscripta.
541 1706 682 1751 erant,
725 1716 748 1741 a
778 1701 1028 1753 Presbytero
1063 1702 1266 1751 Asiatico,
1304 1702 1455 1741 deinde
1492 1702 1649 1741 fraudis
1680 1703 1893 1750 convicto,
1937 1701 1988 1740 ad
2018 1703 2242 1743 licentiam

307 1783 539 1823 mulierum
564 1782 751 1822 docendi
773 1783 1089 1835 tinguendique
1115 1781 1420 1821 defendendam
1444 1781 1632 1820 conficta.
1692 1781 1971 1834 Suppositium
1999 1781 2110 1821 istud
2141 1794 2243 1834 opus

307 1861 385 1900 viri
414 1860 526 1899 docti
557 1859 730 1899 credunt
757 1859 887 1897 fuisse
920 1865 1021 1899 acta
1051 1861 1185 1900 Pauli
1215 1865 1259 1899 et
1292 1862 1486 1907 Tkecloe,
1526 1860 1569 1898 in
1598 1861 1728 1898 veteri
1761 1860 1935 1899 ecclesia
1961 1858 2240 1912 famigerata9.

356 2016 375 2045 4
409 2016 595 2050 Silvestre
643 2016 689 2050 de
739 2015 839 2061 Sacy
879 2015 1012 2049 Noticc
1056 2016 1107 2050 du
1150 2015 1250 2049 livre
1347 2015 1447 2060 §De
1478 2026 1692 2060 monogam.
1732 2028 1762 2050 c.
1783 2015 1816 2050 3.
1857 2020 1895 2050 ct
1938 2027 2020 2060 quae
2058 2017 2104 2050 ad
2144 2018 2183 2053 h.
2210 2019 2236 2053 l.

404 2085 574 2121 d’Enoch
610 2098 645 2130 p.
665 2084 722 2120 18.
1395 2085 1564 2130 disputat
1596 2086 1771 2120 Neander
1793 2086 1900 2120 Geist
1925 2086 1988 2119 des
2018 2086 2236 2123 Tertullian

358 2186 375 2215 5
399 2187 616 2223 Notandum
640 2189 767 2221 tamen
781 2213 791 2230 9
829 2199 917 2223 eum
956 2187 1103 2221 librum
1137 2187 1250 2221 mum
1394 2168 1430 2200 p.
1452 2156 1532 2190 241.
1582 2157 1674 2189 Haec
1692 2168 1782 2190 vero
1802 2157 2064 2191 Tertullianus
2085 2157 2238 2203 scripsit

461 2269 463 2271 v
506 2257 514 2264 .
773 2258 782 2266 .
805 2258 814 2266 .
838 2258 846 2266 .
1155 2257 1164 2265 .
1392 2225 1627 2261 Montanista
1645 2227 1727 2269 jam
1752 2227 1886 2261 factus.

402 2257 610 2291 Paulinum
630 2262 915 2302 supposmtmm
936 2258 982 2291 de
1003 2269 1077 2302 quo
1102 2261 1183 2303 agit
1204 2259 1250 2291 (le

403 2327 595 2372 baptismo
639 2340 669 2363 c.
703 2328 760 2362 17.
832 2329 1058 2372 Scripturam
1102 2340 1250 2372 quoque
1346 2334 1364 2364 'a'
1389 2334 1447 2369 Cf.
1472 2335 1609 2368 dehac
1642 2335 1803 2379 epistola
1833 2334 1967 2370 Routh
1997 2335 2081 2372 Rel.
2101 2315 2237 2374 Sacrani

403 2397 607 2442 appellare.
657 2397 721 2431 Sic
746 2397 861 2432 etiam
898 2398 943 2431 de
967 2397 1123 2442 pudicit.
1149 2410 1179 2432 c.
1193 2398 1250 2433 10.
1392 2405 1462 2439 ΙΙΙ,
1489 2417 1523 2449 Ρ,
1549 2404 1629 2442 167,

405 2468 510 2501 etde
533 2470 625 2500 orat.
640 2479 669 2501 c.
683 2467 736 2502 12.
785 2469 941 2502 Hermae
960 2468 1251 2502 librumPastor
1344 2499 1362 2527 S
1388 2500 1497 2533 Curae
1526 2499 1565 2533 in
1596 2498 1798 2533 historiam
1829 2502 1909 2534 text
1989 2501 2044 2537 G*
2100 2502 2110 2511 ,
2139 2502 2170 2537 F
2201 2503 2211 2512 ,

402 2537 630 2582 inscriptum
650 2563 661 2579 ‚
708 2539 926 2582 scripturam
960 2542 997 2572 et
1031 2539 1251 2582 scripturam
1390 2571 1576 2605 stolarum
1598 2570 1846 2604 Paulinarum
1873 2513 1973 2615 Ριὶὶἒ
2026 2514 2111 2537 laem
2161 2516 2231 2549 ‘Pl-

399 2611 484 2653 fere
521 2608 684 2653 apellat,
732 2620 845 2652 quem
878 2612 1006 2643 tamen
1039 2609 1084 2642 de
1121 2608 1247 2652 pudic-

404 2691 435 2713 c.
461 2678 518 2713 20.
565 2679 737 2730 *Pastoris
764 2679 997 2730 *moechorum
1041 2682 1247 2713 scommate
1343 2677 1360 2705 9
1386 2678 1444 2712 cf.
1471 2678 1594 2723 Episc.
1623 2678 1792 2714 Lincoln.
1823 2680 1964 2714 Ecclcs.
1997 2679 2161 2727 History
2189 2682 2232 2717 οἲ

402 2751 519 2783 notat.
567 2748 702 2792 Itaque
722 2729 1155 2794 Tertullianisbriptzira
1173 2759 1247 2783 non
1389 2750 1455 2783 the
1476 2749 1500 2784 2
1527 2750 1601 2785 and
1627 2749 1650 2785 3
1672 2750 1870 2785 Centuries
1903 2762 1940 2794 p.
1962 2749 2041 2785 318,
2102 2744 2105 2747 ⁵
2124 2741 2149 2745 Η

404 2818 518 2854 nimis
552 2822 608 2853 cst
636 2819 819 2864 urgenda.
