2341 3340
1162 110 1230 157 14

236 251 492 300 christianis,
520 251 707 292 universa
720 251 919 293 Ecclesiae
936 252 1152 306 primariae,
1184 251 1549 305 inprimisLatinae,
1577 251 1749 291 historia
1766 250 1946 297 laborat3
1975 248 2086 288 unde
2111 249 2155 289 in

235 331 309 381 iis,
345 342 438 382 quae
467 335 711 384 supersunt,
751 331 834 379 fide
873 332 1007 385 dignis
1043 332 1288 372 testimoniis
1325 331 1666 382 acquiescendum
1704 330 1822 370 nobis
1863 331 1938 368 est.
2008 327 2154 378 Neque

235 409 386 460 video,
432 411 531 461 quid
570 411 795 464 impediat,
851 423 932 462 quo
971 412 1108 450 minus
1139 409 1325 449 Romano
1360 409 1564 462 Episcopo
1599 410 1824 457 asserenti,
1868 408 2154 448 occidentales

235 487 442 529 Ecclesias
468 489 664 530 Romanae
694 503 786 530 suas
824 491 1003 543 origines
1033 482 1210 538 debere,
1251 489 1323 528 ubi
1353 489 1545 528 nimirum
1578 487 1630 527 de
1669 489 1839 542 singulis
1877 488 1988 529 haud
2018 491 2156 528 extant

234 567 475 608 traditiones
503 581 621 609 secus
651 569 861 619 docentes,
900 569 1027 608 fidem
1056 568 1291 608 habeamus.

406 646 447 686 4.
503 648 729 689 Romanam
761 649 872 688 illam
896 647 948 686 de
978 646 1171 686 Africana
1202 646 1391 686 Ecclesia
1415 643 1612 685 Romanae
1644 647 1866 699 propagine
1893 646 2155 686 traditionem

236 727 280 765 in
308 725 449 766 Africa
476 739 639 778 quoque
667 731 897 780 receptam,
930 726 1089 766 duobus
1118 726 1209 765 fere
1238 728 1332 778 post
1364 725 1513 764 seculis
1543 726 1695 777 scripto
1723 726 1873 764 iterum
1905 725 2156 778 consignavit

238 804 462 857 Gregorius
485 805 547 846 M.
573 806 696 859 Papa.
766 806 847 846 Hic
879 806 988 845 enim
1024 805 1067 844 in
1094 805 1265 857 epistola
1292 803 1362 844 77.
1390 803 1506 843 Libri
1539 804 1576 843 1.
1607 804 1657 843 ad
1691 805 1902 843 universos
1929 803 2155 856 Episcopos

238 883 467 924 Numidasss
504 884 596 924 haec
624 884 752 924 habet
777 884 925 923 verba:
950 910 954 911 ν
984 885 1181 924 Petiistis
1209 886 1324 923 enim
1356 883 1407 923 ab
1435 883 1598 923 Hilaro
1631 883 1914 923 Chartalario
1946 889 2097 924 nostro
2128 895 2154 922 a

237 964 378 1005 heatoe
405 965 626 1004 memorioe
668 963 890 1004 decessore
923 968 1075 1004 nostro
1111 960 1301 1016 (Pelagio
1335 957 1408 1013 ΙΙ.)
1450 967 1502 1002 ut
1533 975 1680 1002 omnes
1728 962 1845 1002 vohis
1891 967 2011 1002 retro
2044 966 2153 1002 tem-

236 1056 394 1097 poram
427 1043 767 1082 consuetudines
792 1046 1097 1089 servarentur,
1130 1055 1238 1095 quas
1269 1054 1296 1080 a
1320 1040 1440 1080 beati
1463 1040 1599 1105 Petris
1613 1040 1925 1095 Apostolorum
1942 1041 2156 1094 principis

238 1122 568 1162 ordinationum
600 1122 742 1162 initiis
768 1121 982 1162 hactenus
1006 1125 1206 1161 vetustas
1232 1121 1366 1174 longa
1386 1122 1582 1162 servavit
1589 1134 1606 1168 ;
1638 1118 1753 1158 Idem
1772 1118 1864 1158 Lib.
1880 1118 1989 1159 VIII.
2013 1131 2076 1171 ep.
2089 1118 2157 1158 33.

238 1200 289 1240 ad
311 1198 844 1251 DominicumEpiscopum
870 1199 1271 1251 Carthaginiensem:
1307 1202 1493 1241 scientes
1519 1205 1766 1256 proeterm,
1800 1199 1918 1239 unde
1954 1200 2000 1239 in
2032 1199 2157 1251 Afri-

239 1281 361 1320 canis
381 1278 582 1334 partibus
609 1281 813 1320 sumserit
841 1279 1064 1320 ordinatio
1088 1278 1377 1329 sacerdotalis
1412 1279 1661 1326 exordium,
1681 1277 1974 1324 laudabiliter
2008 1278 2157 1331 agitis,

238 1359 351 1415 qnod
389 1359 534 1399 sedem
581 1359 877 1412 Apostolicam
930 1357 1155 1411 diligendo
1223 1357 1283 1397 ad
1326 1359 1464 1412 officii
1507 1358 1649 1398 vestri
1694 1358 1910 1397 orirrinem
1945 1356 2162 1411 prudenti

195 1453 197 1455 ·
239 1439 546 1479 recordatione
587 1438 817 1477 recurritis
852 1442 897 1477 ec
920 1437 1139 1491 probabili
1177 1437 1223 1476 in
1266 1437 1360 1489 ejus
1399 1438 1560 1491 affecta
1589 1436 1840 1476 constantia
1870 1437 2157 1491 permanetis.

239 1518 357 1557 Hanc
385 1517 536 1569 igitur,
574 1516 609 1555 si
645 1527 695 1554 ex
727 1527 827 1554 cana
856 1515 1095 1565 antiquitate
1132 1514 1184 1554 ad
1215 1515 1404 1565 sequiora
1435 1518 1620 1567 tempora
1650 1513 1826 1553 delatam
1850 1513 1978 1553 fuisse
2009 1516 2159 1554 statua-

239 1609 328 1637 mus
355 1596 407 1635 de
439 1595 598 1647 origine
627 1593 827 1633 Ecclesiae
855 1593 1064 1632 Africanae
1091 1593 1367 1642 traditionem,
1397 1593 1523 1632 facile
1558 1604 1723 1643 queque
1754 1592 2058 1644 explicabimus,
2092 1593 2160 1642 qui

239 1676 396 1715 sactum
417 1673 562 1721 fuerit,
590 1676 637 1711 ut
671 1672 737 1710 vel
764 1672 853 1723 ipse
884 1670 1131 1723 Cyprianus,
1163 1672 1344 1722 quamvis
1373 1672 1603 1711 libertatem
1629 1670 1816 1709 ecclesiae
1846 1683 1932 1710 suae
1962 1671 2161 1710 acerrime

239 1753 507 1800 defenderet,
543 1751 725 1790 Romam
758 1752 893 1788 tamen
924 1750 1237 1803 Carthaginem
1271 1750 1524 1803 praecedere
1559 1749 1769 1800 professus
1803 1748 1857 1787 sit
1893 1761 1957 1800 ep.
1979 1748 2048 1787 52.
2079 1762 2160 1788 non

239 1837 396 1874 tantum
416 1831 468 1871 ob
496 1828 763 1882 splendorem
780 1828 918 1875 Urbis,
950 1839 1043 1878 quae
1067 1831 1188 1879 caput
1204 1831 1292 1867 erat
1311 1826 1466 1875 mundi,
1503 1826 1577 1866 sed
1592 1825 1820 1866 reverentia
1844 1837 2004 1878 quoque
2026 1831 2161 1867 motus

241 1926 338 1966 erga
364 1908 637 1963 Metropolin,
676 1920 699 1948 a
726 1918 805 1959 qua
829 1906 1033 1959 Carthago
1064 1906 1197 1945 lucem
1227 1905 1440 1958 Evangelii
1469 1908 1697 1958 acceperat.

288 2098 306 2125 ,⁴3
330 2097 368 2133 S.
391 2095 570 2142 Gregorii
591 2096 701 2141 Papae
718 2095 752 2130 Ῑ.
780 2104 894 2139 opera
914 2092 1051 2128 omnia.
1080 2091 1148 2126 Ed.
1173 2091 1400 2138 congregat.
1422 2090 1459 2126 S.
1485 2090 1614 2126 Mauri
1635 2091 1779 2126 Tomus
1809 2092 1860 2129 II.
1878 2093 1982 2128 Pars.
2008 2093 2111 2129 1705.
