<?xml version="1.0" encoding="UTF-8"?>
<!DOCTYPE html PUBLIC "-//W3C//DTD XHTML 1.0 Transitional//EN"
    "http://www.w3.org/TR/xhtml1/DTD/xhtml1-transitional.dtd">
<html xmlns="http://www.w3.org/1999/xhtml" xml:lang="en" lang="en">
 <head>
  <title>
</title>
<meta http-equiv="Content-Type" content="text/html;charset=utf-8" />
  <meta name='ocr-system' content='tesseract 3.04.00' />
  <meta name='ocr-capabilities' content='ocr_page ocr_carea ocr_par ocr_line ocrx_word'/>
</head>
<body>
  <div class='ocr_page' id='page_1' title='image "./fredericimnter00mn_0162.png"; bbox 0 0 2341 3340; ppageno 0'>
   <div class='ocr_carea' id='block_1_1' title="bbox 1182 135 1277 182">
    <p class='ocr_par' dir='ltr' id='par_1_1' title="bbox 1182 135 1277 182">
     <span class='ocr_line' id='line_1_1' title="bbox 1182 135 1277 182; baseline 0 0"><span class='ocrx_word' id='word_1_1' title='bbox 1182 135 1277 182; x_wconf 82' lang='lat'>150</span> 
     </span>
    </p>
   </div>
   <div class='ocr_carea' id='block_1_2' title="bbox 255 271 2192 1351">
    <p class='ocr_par' dir='ltr' id='par_1_2' title="bbox 255 271 2192 1351">
     <span class='ocr_line' id='line_1_2' title="bbox 266 271 2191 333; baseline 0.006 -16"><span class='ocrx_word' id='word_1_2' title='bbox 266 274 409 317; x_wconf 83' lang='lat' dir='ltr'>Patres</span> <span class='ocrx_word' id='word_1_3' title='bbox 439 275 630 316; x_wconf 85' lang='lat' dir='ltr'>nimirum</span> <span class='ocrx_word' id='word_1_4' title='bbox 661 275 826 316; x_wconf 85' lang='lat' dir='ltr'>concilii</span> <span class='ocrx_word' id='word_1_5' title='bbox 857 271 1203 331; x_wconf 79' lang='lat' dir='ltr'>Carthaginiensis</span> <span class='ocrx_word' id='word_1_6' title='bbox 1232 291 1255 318; x_wconf 84' lang='lat' dir='ltr'>a</span> <span class='ocrx_word' id='word_1_7' title='bbox 1283 276 1486 333; x_wconf 79' lang='lat' dir='ltr'>Cypriano</span> <span class='ocrx_word' id='word_1_8' title='bbox 1516 292 1622 321; x_wconf 87' lang='lat' dir='ltr'>anno</span> <span class='ocrx_word' id='word_1_9' title='bbox 1654 280 1740 322; x_wconf 79' lang='lat'>256</span> <span class='ocrx_word' id='word_1_10' title='bbox 1772 281 1969 325; x_wconf 84' lang='lat' dir='ltr'>celebrati</span> <span class='ocrx_word' id='word_1_11' title='bbox 2011 285 2191 328; x_wconf 86' lang='lat' dir='ltr'>occurrit</span> 
     </span>
     <span class='ocr_line' id='line_1_3' title="bbox 264 354 2189 414; baseline 0.005 -17"><span class='ocrx_word' id='word_1_12' title='bbox 264 354 442 397; x_wconf 77' lang='lat' dir='ltr'>verulus</span> <span class='ocrx_word' id='word_1_13' title='bbox 465 355 647 407; x_wconf 67' lang='lat' dir='ltr'>Max-tyr,</span> <span class='ocrx_word' id='word_1_14' title='bbox 686 355 924 396; x_wconf 82' lang='lat' dir='ltr'>Russicadae</span> <span class='ocrx_word' id='word_1_15' title='bbox 955 356 1162 398; x_wconf 75' lang='lat' dir='ltr'>Numidiae</span> <span class='ocrx_word' id='word_1_16' title='bbox 1198 359 1433 411; x_wconf 78' lang='lat' dir='ltr'>episcopus,</span> <span class='ocrx_word' id='word_1_17' title='bbox 1482 361 1597 414; x_wconf 87' lang='lat' dir='ltr'>cujus</span> <span class='ocrx_word' id='word_1_18' title='bbox 1629 362 1783 401; x_wconf 89' lang='lat' dir='ltr'>nomini</span> <span class='ocrx_word' id='word_1_19' title='bbox 1813 363 2017 404; x_wconf 87' lang='lat' dir='ltr'>adduntur</span> <span class='ocrx_word' id='word_1_20' title='bbox 2045 366 2189 406; x_wconf 78' lang='lat' dir='ltr'>verba:</span> 
     </span>
     <span class='ocr_line' id='line_1_4' title="bbox 265 434 2191 495; baseline 0.004 -19"><span class='ocrx_word' id='word_1_21' title='bbox 265 435 320 476; x_wconf 82' lang='lat' dir='ltr'>de</span> <span class='ocrx_word' id='word_1_22' title='bbox 349 437 646 476; x_wconf 71' lang='lat' dir='ltr'>schismaticis.</span> <span class='ocrx_word' id='word_1_23' title='bbox 718 434 802 474; x_wconf 84' lang='lat' dir='ltr'>Sed</span> <span class='ocrx_word' id='word_1_24' title='bbox 844 437 912 476; x_wconf 90' lang='lat' dir='ltr'>hic</span> <span class='ocrx_word' id='word_1_25' title='bbox 949 438 1000 477; x_wconf 84' lang='lat' dir='ltr'>ad</span> <span class='ocrx_word' id='word_1_26' title='bbox 1032 437 1277 477; x_wconf 82' lang='lat' dir='ltr'>Novatianos</span> <span class='ocrx_word' id='word_1_27' title='bbox 1320 451 1481 490; x_wconf 88' lang='lat' dir='ltr'>quoque</span> <span class='ocrx_word' id='word_1_28' title='bbox 1523 441 1769 493; x_wconf 74' lang='lat' dir='ltr'><strong>pertinuisse</strong></span> <span class='ocrx_word' id='word_1_29' title='bbox 1812 447 1973 494; x_wconf 80' lang='lat' dir='ltr'>potest,</span> <span class='ocrx_word' id='word_1_30' title='bbox 2020 457 2191 495; x_wconf 87' lang='lat' dir='ltr'>quorum</span> 
     </span>
     <span class='ocr_line' id='line_1_5' title="bbox 266 515 2191 572; baseline 0.004 -18"><span class='ocrx_word' id='word_1_31' title='bbox 266 515 542 554; x_wconf 80' lang='lat' dir='ltr'>controversia</span> <span class='ocrx_word' id='word_1_32' title='bbox 600 515 876 567; x_wconf 85' lang='lat' dir='ltr'>quinquennio</span> <span class='ocrx_word' id='word_1_33' title='bbox 941 523 1034 556; x_wconf 90' lang='lat' dir='ltr'>ante</span> <span class='ocrx_word' id='word_1_34' title='bbox 1093 517 1203 556; x_wconf 86' lang='lat' dir='ltr'>istud</span> <span class='ocrx_word' id='word_1_35' title='bbox 1254 516 1485 558; x_wconf 86' lang='lat' dir='ltr'>Concilium</span> <span class='ocrx_word' id='word_1_36' title='bbox 1549 520 1693 572; x_wconf 83' lang='lat' dir='ltr'>agitari</span> <span class='ocrx_word' id='word_1_37' title='bbox 1760 522 1909 572; x_wconf 84' lang='lat' dir='ltr'>coepit.</span> <span class='ocrx_word' id='word_1_38' title='bbox 1997 523 2191 564; x_wconf 86' lang='lat' dir='ltr'>Ceterum</span> 
     </span>
     <span class='ocr_line' id='line_1_6' title="bbox 265 593 2190 654; baseline 0.004 -19"><span class='ocrx_word' id='word_1_39' title='bbox 265 593 607 635; x_wconf 81' lang='lat' dir='ltr'>Montanistarum</span> <span class='ocrx_word' id='word_1_40' title='bbox 647 595 691 634; x_wconf 88' lang='lat' dir='ltr'>in</span> <span class='ocrx_word' id='word_1_41' title='bbox 725 596 859 644; x_wconf 81' lang='lat' dir='ltr'>nullo,</span> <span class='ocrx_word' id='word_1_42' title='bbox 910 596 1019 647; x_wconf 90' lang='lat' dir='ltr'>qnod</span> <span class='ocrx_word' id='word_1_43' title='bbox 1055 597 1201 645; x_wconf 84' lang='lat' dir='ltr'>sciam,</span> <span class='ocrx_word' id='word_1_44' title='bbox 1250 596 1434 636; x_wconf 83' lang='lat' dir='ltr'>Concilio</span> <span class='ocrx_word' id='word_1_45' title='bbox 1476 599 1669 638; x_wconf 85' lang='lat' dir='ltr'>Africano</span> <span class='ocrx_word' id='word_1_46' title='bbox 1714 601 1763 639; x_wconf 80' lang='lat' dir='ltr'>fit</span> <span class='ocrx_word' id='word_1_47' title='bbox 1802 602 1970 641; x_wconf 82' lang='lat' dir='ltr'>mentio.</span> <span class='ocrx_word' id='word_1_48' title='bbox 2044 602 2190 654; x_wconf 85' lang='lat' dir='ltr'>Neque</span> 
     </span>
     <span class='ocr_line' id='line_1_7' title="bbox 255 672 1741 727; baseline 0.004 -15"><span class='ocrx_word' id='word_1_49' title='bbox 255 672 319 712; x_wconf 16' lang='lat' dir='ltr'>Vde</span> <span class='ocrx_word' id='word_1_50' title='bbox 357 673 406 712; x_wconf 91' lang='lat' dir='ltr'>iis</span> <span class='ocrx_word' id='word_1_51' title='bbox 440 685 562 726; x_wconf 82' lang='lat' dir='ltr'>agere</span> <span class='ocrx_word' id='word_1_52' title='bbox 594 674 783 714; x_wconf 83' lang='lat' dir='ltr'>videntur</span> <span class='ocrx_word' id='word_1_53' title='bbox 822 688 914 727; x_wconf 82' lang='lat' dir='ltr'>quae</span> <span class='ocrx_word' id='word_1_54' title='bbox 947 674 1263 715; x_wconf 83' lang='lat' dir='ltr'>Commodianus</span> <span class='ocrx_word' id='word_1_55' title='bbox 1300 677 1426 716; x_wconf 82' lang='lat' dir='ltr'>habet</span> <span class='ocrx_word' id='word_1_56' title='bbox 1458 677 1644 718; x_wconf 87' lang='lat' dir='ltr'>Instruct.</span> <span class='ocrx_word' id='word_1_57' title='bbox 1674 680 1741 718; x_wconf 80' lang='lat'>66.</span> 
     </span>
     <span class='ocr_line' id='line_1_8' title="bbox 893 757 1559 802; baseline 0.002 -5"><span class='ocrx_word' id='word_1_58' title='bbox 893 784 1069 797; x_wconf 85' lang='grc'><strong>.......</strong></span> <span class='ocrx_word' id='word_1_59' title='bbox 1125 757 1221 797; x_wconf 63' lang='lat' dir='ltr'><strong><em>Pax·</em></strong></span> <span class='ocrx_word' id='word_1_60' title='bbox 1259 763 1323 796; x_wconf 78' lang='lat' dir='ltr'>est</span> <span class='ocrx_word' id='word_1_61' title='bbox 1365 759 1411 797; x_wconf 79' lang='lat' dir='ltr'>in</span> <span class='ocrx_word' id='word_1_62' title='bbox 1446 758 1559 802; x_wconf 80' lang='lat' dir='ltr'>orbe,</span> 
     </span>
     <span class='ocr_line' id='line_1_9' title="bbox 622 835 1696 891; baseline 0.003 -16"><span class='ocrx_word' id='word_1_63' title='bbox 622 835 687 876; x_wconf 76' lang='lat' dir='ltr'>Ec</span> <span class='ocrx_word' id='word_1_64' title='bbox 728 836 859 875; x_wconf 72' lang='lat' dir='ltr'>ruina</span> <span class='ocrx_word' id='word_1_65' title='bbox 895 837 1025 876; x_wconf 79' lang='lat' dir='ltr'>simul</span> <span class='ocrx_word' id='word_1_66' title='bbox 1064 836 1315 876; x_wconf 76' lang='lat' dir='ltr'><em>blandiente</em></span> <span class='ocrx_word' id='word_1_67' title='bbox 1351 837 1494 877; x_wconf 72' lang='lat' dir='ltr'>seculo</span> <span class='ocrx_word' id='word_1_68' title='bbox 1533 840 1696 891; x_wconf 75' lang='lat' dir='ltr'>premit</span> 
     </span>
     <span class='ocr_line' id='line_1_10' title="bbox 625 914 1779 967; baseline 0.005 -15"><span class='ocrx_word' id='word_1_69' title='bbox 625 914 876 966; x_wconf 76' lang='lat' dir='ltr'>Proecz&#39;picz&#39;s</span> <span class='ocrx_word' id='word_1_70' title='bbox 918 916 1072 966; x_wconf 74' lang='lat' dir='ltr'>populi</span> <span class='ocrx_word' id='word_1_71' title='bbox 1113 929 1235 967; x_wconf 77' lang='lat' dir='ltr'>quem</span> <span class='ocrx_word' id='word_1_72' title='bbox 1284 917 1329 954; x_wconf 75' lang='lat' dir='ltr'>in</span> <span class='ocrx_word' id='word_1_73' title='bbox 1368 916 1551 956; x_wconf 72' lang='lat' dir='ltr'>schisma</span> <span class='ocrx_word' id='word_1_74' title='bbox 1586 919 1779 958; x_wconf 76' lang='lat' dir='ltr'>misistis.</span> 
     </span>
     <span class='ocr_line' id='line_1_11' title="bbox 581 992 1793 1043; baseline 0.004 -12"><span class='ocrx_word' id='word_1_75' title='bbox 581 1015 583 1018; x_wconf 95' lang='lat'>·</span> <span class='ocrx_word' id='word_1_76' title='bbox 622 993 716 1032; x_wconf 68' lang='lat' dir='ltr'>Aac</span> <span class='ocrx_word' id='word_1_77' title='bbox 741 992 888 1042; x_wconf 73' lang='lat' dir='ltr'>facite</span> <span class='ocrx_word' id='word_1_78' title='bbox 922 992 1060 1043; x_wconf 78' lang='lat' dir='ltr'>legem</span> <span class='ocrx_word' id='word_1_79' title='bbox 1097 992 1314 1038; x_wconf 75' lang='lat' dir='ltr'>civitatis,</span> <span class='ocrx_word' id='word_1_80' title='bbox 1351 1000 1426 1032; x_wconf 77' lang='lat' dir='ltr'>aut</span> <span class='ocrx_word' id='word_1_81' title='bbox 1460 997 1576 1034; x_wconf 65' lang='lat' dir='ltr'>exite</span> <span class='ocrx_word' id='word_1_82' title='bbox 1605 995 1658 1035; x_wconf 81' lang='lat' dir='ltr'>de</span> <span class='ocrx_word' id='word_1_83' title='bbox 1691 997 1793 1036; x_wconf 76' lang='lat' dir='ltr'>illa!</span> 
     </span>
     <span class='ocr_line' id='line_1_12' title="bbox 444 1069 2192 1123; baseline 0.004 -13"><span class='ocrx_word' id='word_1_84' title='bbox 444 1072 546 1122; x_wconf 79' lang='lat' dir='ltr'>Quae</span> <span class='ocrx_word' id='word_1_85' title='bbox 575 1071 709 1123; x_wconf 83' lang='lat' dir='ltr'>potius</span> <span class='ocrx_word' id='word_1_86' title='bbox 738 1069 790 1107; x_wconf 90' lang='lat' dir='ltr'>de</span> <span class='ocrx_word' id='word_1_87' title='bbox 817 1069 1051 1108; x_wconf 80' lang='lat' dir='ltr'>Novatianis</span> <span class='ocrx_word' id='word_1_88' title='bbox 1082 1069 1191 1108; x_wconf 84' lang='lat' dir='ltr'>dicta</span> <span class='ocrx_word' id='word_1_89' title='bbox 1227 1069 1419 1109; x_wconf 83' lang='lat' dir='ltr'>videntur</span> <span class='ocrx_word' id='word_1_90' title='bbox 1458 1073 1594 1111; x_wconf 84' lang='lat' dir='ltr'><strong>turbas</strong></span> <span class='ocrx_word' id='word_1_91' title='bbox 1632 1075 1865 1123; x_wconf 85' lang='lat' dir='ltr'>cientibus;</span> <span class='ocrx_word' id='word_1_92' title='bbox 1911 1077 2047 1117; x_wconf 90' lang='lat' dir='ltr'>minus</span> <span class='ocrx_word' id='word_1_93' title='bbox 2082 1076 2192 1117; x_wconf 88' lang='lat' dir='ltr'>enim</span> 
     </span>
     <span class='ocr_line' id='line_1_13' title="bbox 263 1149 1597 1202; baseline -0.001 -11"><span class='ocrx_word' id='word_1_94' title='bbox 263 1149 413 1191; x_wconf 78' lang='lat' dir='ltr'>cadunt</span> <span class='ocrx_word' id='word_1_95' title='bbox 443 1151 487 1189; x_wconf 91' lang='lat' dir='ltr'>in</span> <span class='ocrx_word' id='word_1_96' title='bbox 519 1150 790 1190; x_wconf 83' lang='lat' dir='ltr'>Montanistas</span> <span class='ocrx_word' id='word_1_97' title='bbox 822 1161 1014 1189; x_wconf 86' lang='lat' dir='ltr'>novarum</span> <span class='ocrx_word' id='word_1_98' title='bbox 1042 1161 1180 1188; x_wconf 85' lang='lat' dir='ltr'>rerum</span> <span class='ocrx_word' id='word_1_99' title='bbox 1210 1149 1377 1188; x_wconf 89' lang='lat' dir='ltr'>minime</span> <span class='ocrx_word' id='word_1_100' title='bbox 1415 1151 1597 1202; x_wconf 86' lang='lat' dir='ltr'>cupidos.</span> 
     </span>
     <span class='ocr_line' id='line_1_14' title="bbox 442 1227 2188 1287; baseline 0.003 -18"><span class='ocrx_word' id='word_1_101' title='bbox 442 1230 499 1270; x_wconf 89' lang='lat' dir='ltr'>Hi</span> <span class='ocrx_word' id='word_1_102' title='bbox 538 1230 715 1279; x_wconf 84' lang='lat' dir='ltr'>denique</span> <span class='ocrx_word' id='word_1_103' title='bbox 748 1241 821 1282; x_wconf 83' lang='lat' dir='ltr'>per</span> <span class='ocrx_word' id='word_1_104' title='bbox 849 1227 1072 1269; x_wconf 84' lang='lat' dir='ltr'>secundum</span> <span class='ocrx_word' id='word_1_105' title='bbox 1103 1231 1146 1268; x_wconf 83' lang='lat' dir='ltr'>et</span> <span class='ocrx_word' id='word_1_106' title='bbox 1173 1228 1339 1268; x_wconf 84' lang='lat' dir='ltr'>tertium</span> <span class='ocrx_word' id='word_1_107' title='bbox 1369 1231 1554 1271; x_wconf 80' lang='lat' dir='ltr'>seculum</span> <span class='ocrx_word' id='word_1_108' title='bbox 1585 1232 1627 1272; x_wconf 89' lang='lat' dir='ltr'>in</span> <span class='ocrx_word' id='word_1_109' title='bbox 1652 1233 1793 1274; x_wconf 80' lang='lat' dir='ltr'>Africa</span> <span class='ocrx_word' id='word_1_110' title='bbox 1823 1233 2014 1284; x_wconf 84' lang='lat' dir='ltr'>floruere,</span> <span class='ocrx_word' id='word_1_111' title='bbox 2046 1239 2188 1287; x_wconf 79' lang='lat' dir='ltr'>quarto</span> 
     </span>
     <span class='ocr_line' id='line_1_15' title="bbox 261 1309 702 1351; baseline -0.005 -2"><span class='ocrx_word' id='word_1_112' title='bbox 261 1322 360 1351; x_wconf 84' lang='lat' dir='ltr'>vero</span> <span class='ocrx_word' id='word_1_113' title='bbox 390 1309 560 1350; x_wconf 84' lang='lat' dir='ltr'>extincti</span> <span class='ocrx_word' id='word_1_114' title='bbox 596 1311 702 1348; x_wconf 84' lang='lat' dir='ltr'>sunt.</span> 
     </span>
    </p>
   </div>
   <div class='ocr_carea' id='block_1_3' title="bbox 920 1612 1531 1673">
    <p class='ocr_par' dir='ltr' id='par_1_3' title="bbox 920 1612 1531 1673">
     <span class='ocr_line' id='line_1_16' title="bbox 920 1612 1531 1673; baseline 0.005 -4"><span class='ocrx_word' id='word_1_115' title='bbox 920 1612 1141 1672; x_wconf 78' lang='lat' dir='ltr'>cAP.</span> <span class='ocrx_word' id='word_1_116' title='bbox 1221 1614 1531 1673; x_wconf 63' lang='lat' dir='ltr'>XXIII.</span> 
     </span>
    </p>
   </div>
   <div class='ocr_carea' id='block_1_4' title="bbox 263 1713 2191 1836">
    <p class='ocr_par' dir='ltr' id='par_1_4' title="bbox 263 1680 2191 1836">
     <span class='ocr_line' id='line_1_17' title="bbox 263 1713 2191 1764; baseline -0.001 -6"><span class='ocrx_word' id='word_1_117' title='bbox 263 1714 698 1758; x_wconf 82' lang='lat' dir='ltr'><strong>CONTROVERSIA</strong></span> <span class='ocrx_word' id='word_1_118' title='bbox 744 1714 819 1755; x_wconf 85' lang='lat' dir='ltr'>DE</span> <span class='ocrx_word' id='word_1_119' title='bbox 872 1713 1160 1754; x_wconf 83' lang='lat' dir='ltr'>BAPTISMO</span> <span class='ocrx_word' id='word_1_120' title='bbox 1214 1715 1678 1764; x_wconf 72' lang='lat' dir='ltr'><strong>HAERETICORUM‚</strong></span> <span class='ocrx_word' id='word_1_121' title='bbox 1746 1714 1823 1756; x_wconf 87' lang='grc' dir='ltr'>ΕΤ</span> <span class='ocrx_word' id='word_1_122' title='bbox 1876 1715 2191 1758; x_wconf 85' lang='lat' dir='ltr'>CONCILIUM</span> 
     </span>
     <span class='ocr_line' id='line_1_18' title="bbox 718 1793 1741 1836; baseline -0.001 -1"><span class='ocrx_word' id='word_1_123' title='bbox 718 1793 1211 1835; x_wconf 82' lang='lat' dir='ltr'><strong>CARTHAGINIENSE</strong></span> <span class='ocrx_word' id='word_1_124' title='bbox 1263 1795 1368 1835; x_wconf 88' lang='lat' dir='ltr'>SUB</span> <span class='ocrx_word' id='word_1_125' title='bbox 1423 1795 1741 1836; x_wconf 86' lang='lat' dir='ltr'><strong>AGRIPPINO.</strong></span> 
     </span>
    </p>
   </div>
   <div class='ocr_carea' id='block_1_5' title="bbox 260 1937 2188 2419">
    <p class='ocr_par' dir='ltr' id='par_1_5' title="bbox 260 1937 2188 2419">
     <span class='ocr_line' id='line_1_19' title="bbox 263 1937 2186 2021; baseline -0.001 -12"><span class='ocrx_word' id='word_1_126' title='bbox 263 1970 303 2010; x_wconf 89' lang='lat'>1.</span> <span class='ocrx_word' id='word_1_127' title='bbox 359 1937 539 2020; x_wconf 80' lang='lat' dir='ltr'>Hujus</span> <span class='ocrx_word' id='word_1_128' title='bbox 572 1967 860 2007; x_wconf 64' lang='lat' dir='ltr'>controversiae</span> <span class='ocrx_word' id='word_1_129' title='bbox 897 1966 990 2006; x_wconf 84' lang='lat' dir='ltr'>fons</span> <span class='ocrx_word' id='word_1_130' title='bbox 1032 1970 1075 2007; x_wconf 85' lang='lat' dir='ltr'>et</span> <span class='ocrx_word' id='word_1_131' title='bbox 1117 1966 1231 2019; x_wconf 82' lang='lat' dir='ltr'>origo</span> <span class='ocrx_word' id='word_1_132' title='bbox 1274 1966 1385 2006; x_wconf 80' lang='lat' dir='ltr'>haud</span> <span class='ocrx_word' id='word_1_133' title='bbox 1426 1967 1549 2008; x_wconf 85' lang='lat' dir='ltr'>dubie</span> <span class='ocrx_word' id='word_1_134' title='bbox 1588 1967 1808 2020; x_wconf 75' lang='lat' dir='ltr'>quaerenda</span> <span class='ocrx_word' id='word_1_135' title='bbox 1849 1970 1911 2007; x_wconf 88' lang='lat' dir='ltr'>est</span> <span class='ocrx_word' id='word_1_136' title='bbox 1947 1968 1990 2007; x_wconf 90' lang='lat' dir='ltr'>in</span> <span class='ocrx_word' id='word_1_137' title='bbox 2039 1980 2186 2021; x_wconf 81' lang='lat' dir='ltr'>magno</span> 
     </span>
     <span class='ocr_line' id='line_1_20' title="bbox 260 2046 2185 2100; baseline -0.001 -12"><span class='ocrx_word' id='word_1_138' title='bbox 260 2048 551 2088; x_wconf 65' lang='lat' dir='ltr'>haereticorum</span> <span class='ocrx_word' id='word_1_139' title='bbox 585 2060 769 2095; x_wconf 91' lang='lat' dir='ltr'>numero,</span> <span class='ocrx_word' id='word_1_140' title='bbox 802 2047 871 2098; x_wconf 88' lang='lat' dir='ltr'>qui</span> <span class='ocrx_word' id='word_1_141' title='bbox 904 2047 1040 2086; x_wconf 86' lang='lat' dir='ltr'>studio</span> <span class='ocrx_word' id='word_1_142' title='bbox 1074 2050 1116 2086; x_wconf 85' lang='lat' dir='ltr'>et</span> <span class='ocrx_word' id='word_1_143' title='bbox 1144 2047 1283 2085; x_wconf 83' lang='lat' dir='ltr'>labore</span> <span class='ocrx_word' id='word_1_144' title='bbox 1316 2046 1601 2100; x_wconf 86' lang='lat' dir='ltr'>episcoporum</span> <span class='ocrx_word' id='word_1_145' title='bbox 1635 2049 1960 2098; x_wconf 83' lang='lat' dir='ltr'>clericorumque</span> <span class='ocrx_word' id='word_1_146' title='bbox 1989 2046 2185 2087; x_wconf 83' lang='lat' dir='ltr'>Afrorum</span> 
     </span>
     <span class='ocr_line' id='line_1_21' title="bbox 260 2117 2188 2179; baseline -0.001 -11"><span class='ocrx_word' id='word_1_147' title='bbox 260 2127 312 2168; x_wconf 79' lang='lat' dir='ltr'>ad</span> <span class='ocrx_word' id='word_1_148' title='bbox 341 2127 467 2166; x_wconf 82' lang='lat' dir='ltr'>fidem</span> <span class='ocrx_word' id='word_1_149' title='bbox 508 2127 695 2166; x_wconf 73' lang='lat' dir='ltr'>ecclesiae</span> <span class='ocrx_word' id='word_1_150' title='bbox 728 2126 1050 2179; x_wconf 80' lang='lat' dir='ltr'>amplectendam</span> <span class='ocrx_word' id='word_1_151' title='bbox 1084 2126 1276 2165; x_wconf 89' lang='lat' dir='ltr'>commoti</span> <span class='ocrx_word' id='word_1_152' title='bbox 1312 2125 1444 2165; x_wconf 83' lang='lat' dir='ltr'>fuere.</span> <span class='ocrx_word' id='word_1_153' title='bbox 1509 2126 1642 2168; x_wconf 85' lang='lat' dir='ltr'>Variae</span> <span class='ocrx_word' id='word_1_154' title='bbox 1674 2127 1725 2165; x_wconf 86' lang='lat' dir='ltr'>de</span> <span class='ocrx_word' id='word_1_155' title='bbox 1758 2117 1880 2165; x_wconf 81' lang='lat' dir='ltr'>modo</span> <span class='ocrx_word' id='word_1_156' title='bbox 1911 2138 1990 2176; x_wconf 86' lang='lat' dir='ltr'>quo</span> <span class='ocrx_word' id='word_1_157' title='bbox 2019 2126 2063 2165; x_wconf 89' lang='lat' dir='ltr'>in</span> <span class='ocrx_word' id='word_1_158' title='bbox 2095 2138 2188 2179; x_wconf 82' lang='lat' dir='ltr'>gre-</span> 
     </span>
     <span class='ocr_line' id='line_1_22' title="bbox 260 2198 2188 2258; baseline -0.001 -11"><span class='ocrx_word' id='word_1_159' title='bbox 260 2198 387 2247; x_wconf 84' lang='lat' dir='ltr'>mium</span> <span class='ocrx_word' id='word_1_160' title='bbox 417 2205 604 2245; x_wconf 73' lang='lat' dir='ltr'>ecclesiae</span> <span class='ocrx_word' id='word_1_161' title='bbox 633 2206 862 2258; x_wconf 86' lang='lat' dir='ltr'>recipiendi</span> <span class='ocrx_word' id='word_1_162' title='bbox 891 2210 1029 2245; x_wconf 83' lang='lat' dir='ltr'>essent</span> <span class='ocrx_word' id='word_1_163' title='bbox 1061 2205 1273 2257; x_wconf 84' lang='lat' dir='ltr'>opiniones</span> <span class='ocrx_word' id='word_1_164' title='bbox 1304 2207 1622 2246; x_wconf 84' lang='lat' dir='ltr'>controversiam</span> <span class='ocrx_word' id='word_1_165' title='bbox 1655 2206 1901 2246; x_wconf 82' lang='lat' dir='ltr'>excitarunt:</span> <span class='ocrx_word' id='word_1_166' title='bbox 1934 2205 2007 2244; x_wconf 86' lang='lat' dir='ltr'>sed</span> <span class='ocrx_word' id='word_1_167' title='bbox 2039 2209 2188 2257; x_wconf 82' lang='lat' dir='ltr'>quanto</span> 
     </span>
     <span class='ocr_line' id='line_1_23' title="bbox 260 2285 2185 2341; baseline -0.001 -15"><span class='ocrx_word' id='word_1_168' title='bbox 260 2287 391 2341; x_wconf 80' lang='lat' dir='ltr'>major</span> <span class='ocrx_word' id='word_1_169' title='bbox 444 2286 662 2326; x_wconf 83' lang='lat' dir='ltr'>auctoritas</span> <span class='ocrx_word' id='word_1_170' title='bbox 700 2287 885 2326; x_wconf 77' lang='lat' dir='ltr'>ecclcsiae</span> <span class='ocrx_word' id='word_1_171' title='bbox 928 2286 1210 2333; x_wconf 82' lang='lat' dir='ltr'>tribuebatur,</span> <span class='ocrx_word' id='word_1_172' title='bbox 1262 2297 1380 2336; x_wconf 87' lang='lat' dir='ltr'>quam</span> <span class='ocrx_word' id='word_1_173' title='bbox 1416 2300 1548 2326; x_wconf 81' lang='lat' dir='ltr'>unam</span> <span class='ocrx_word' id='word_1_174' title='bbox 1588 2298 1708 2334; x_wconf 85' lang='lat' dir='ltr'>esse,</span> <span class='ocrx_word' id='word_1_175' title='bbox 1767 2288 1880 2323; x_wconf 83' lang='lat' dir='ltr'>extra</span> <span class='ocrx_word' id='word_1_176' title='bbox 1918 2288 2038 2335; x_wconf 82' lang='lat' dir='ltr'>quam&#39;</span> <span class='ocrx_word' id='word_1_177' title='bbox 2075 2285 2185 2324; x_wconf 73' lang='lat' dir='ltr'>nulla</span> 
     </span>
     <span class='ocr_line' id='line_1_24' title="bbox 260 2350 2185 2419; baseline -0.001 -14"><span class='ocrx_word' id='word_1_178' title='bbox 260 2365 461 2419; x_wconf 84' lang='lat' dir='ltr'>speranda</span> <span class='ocrx_word' id='word_1_179' title='bbox 490 2366 543 2405; x_wconf 86' lang='lat' dir='ltr'>sit</span> <span class='ocrx_word' id='word_1_180' title='bbox 569 2366 697 2414; x_wconf 85' lang='lat' dir='ltr'>salus,</span> <span class='ocrx_word' id='word_1_181' title='bbox 736 2379 827 2417; x_wconf 81' lang='lat' dir='ltr'>quoe</span> <span class='ocrx_word' id='word_1_182' title='bbox 857 2350 942 2405; x_wconf 57' lang='lat' dir='ltr'>sola&#39;</span> <span class='ocrx_word' id='word_1_183' title='bbox 968 2377 1063 2403; x_wconf 82' lang='lat' dir='ltr'>vera</span> <span class='ocrx_word' id='word_1_184' title='bbox 1092 2365 1240 2403; x_wconf 83' lang='lat' dir='ltr'>habeat</span> <span class='ocrx_word' id='word_1_185' title='bbox 1270 2368 1539 2412; x_wconf 83' lang='lat' dir='ltr'>sacramenta,</span> <span class='ocrx_word' id='word_1_186' title='bbox 1575 2364 1821 2412; x_wconf 86' lang='lat' dir='ltr'>docuerunt,</span> <span class='ocrx_word' id='word_1_187' title='bbox 1859 2363 2185 2413; x_wconf 75' lang='lat' dir='ltr'>praecedentibus</span> 
     </span>
    </p>
   </div>
   <div class='ocr_carea' id='block_1_6' title="bbox 262 2442 2184 2497">
    <p class='ocr_par' dir='ltr' id='par_1_6' title="bbox 262 2442 2184 2497">
     <span class='ocr_line' id='line_1_25' title="bbox 262 2442 2184 2497; baseline -0.002 -12"><span class='ocrx_word' id='word_1_188' title='bbox 262 2445 517 2486; x_wconf 82' lang='lat' dir='ltr'>Tertulliano</span> <span class='ocrx_word' id='word_1_189' title='bbox 546 2449 588 2485; x_wconf 87' lang='lat' dir='ltr'>et</span> <span class='ocrx_word' id='word_1_190' title='bbox 608 2443 850 2497; x_wconf 81' lang='lat' dir='ltr'>Cyprian01‚</span> <span class='ocrx_word' id='word_1_191' title='bbox 883 2444 1082 2484; x_wconf 78' lang='lat' dir='ltr'>Ecclesiae</span> <span class='ocrx_word' id='word_1_192' title='bbox 1097 2443 1302 2483; x_wconf 84' lang='lat' dir='ltr'>Africanae</span> <span class='ocrx_word' id='word_1_193' title='bbox 1320 2443 1540 2496; x_wconf 81' lang='lat' dir='ltr'>magistris,</span> <span class='ocrx_word' id='word_1_194' title='bbox 1580 2447 1692 2483; x_wconf 82' lang='lat' dir='ltr'>tanto</span> <span class='ocrx_word' id='word_1_195' title='bbox 1715 2442 1934 2495; x_wconf 81' lang='lat' dir='ltr'>rigidiores</span> <span class='ocrx_word' id='word_1_196' title='bbox 1964 2442 2184 2482; x_wconf 82' lang='lat' dir='ltr'>sententias</span> 
     </span>
    </p>
   </div>
   <div class='ocr_carea' id='block_1_7' title="bbox 309 2597 2183 2787">
    <p class='ocr_par' dir='ltr' id='par_1_7' title="bbox 309 2597 2183 2787">
     <span class='ocr_line' id='line_1_26' title="bbox 309 2597 2183 2646; baseline -0.002 -11"><span class='ocrx_word' id='word_1_197' title='bbox 309 2599 327 2627; x_wconf 80' lang='lat' dir='ltr'>l</span> <span class='ocrx_word' id='word_1_198' title='bbox 353 2597 516 2635; x_wconf 81' lang='lat' dir='ltr'>Tertull.</span> <span class='ocrx_word' id='word_1_199' title='bbox 559 2601 605 2634; x_wconf 83' lang='lat' dir='ltr'>de</span> <span class='ocrx_word' id='word_1_200' title='bbox 645 2612 772 2645; x_wconf 79' lang='lat' dir='ltr'>praesc.</span> <span class='ocrx_word' id='word_1_201' title='bbox 814 2613 844 2635; x_wconf 86' lang='lat' dir='ltr'>c.</span> <span class='ocrx_word' id='word_1_202' title='bbox 877 2600 934 2635; x_wconf 86' lang='grc'>14.</span> <span class='ocrx_word' id='word_1_203' title='bbox 961 2600 1016 2635; x_wconf 77' lang='grc'>20.</span> <span class='ocrx_word' id='word_1_204' title='bbox 1048 2599 1105 2634; x_wconf 79' lang='lat'>37.</span> <span class='ocrx_word' id='word_1_205' title='bbox 1155 2600 1201 2634; x_wconf 84' lang='lat' dir='ltr'>de</span> <span class='ocrx_word' id='word_1_206' title='bbox 1341 2599 1444 2634; x_wconf 82' lang='lat' dir='ltr'>Hist.</span> <span class='ocrx_word' id='word_1_207' title='bbox 1472 2603 1641 2634; x_wconf 81' lang='lat' dir='ltr'>nostram</span> <span class='ocrx_word' id='word_1_208' title='bbox 1670 2600 1809 2646; x_wconf 82' lang='lat' dir='ltr'>Dogm.</span> <span class='ocrx_word' id='word_1_209' title='bbox 1840 2599 1971 2644; x_wconf 67' lang='lat' dir='ltr'>priscae</span> <span class='ocrx_word' id='word_1_210' title='bbox 2004 2597 2183 2641; x_wconf 63' lang='lat' dir='ltr'>ecclesian,</span> 
     </span>
     <span class='ocr_line' id='line_1_27' title="bbox 353 2668 2183 2716; baseline -0.001 -13"><span class='ocrx_word' id='word_1_211' title='bbox 353 2670 542 2716; x_wconf 78' lang='lat' dir='ltr'>baptismo</span> <span class='ocrx_word' id='word_1_212' title='bbox 564 2683 595 2705; x_wconf 86' lang='lat' dir='ltr'>c.</span> <span class='ocrx_word' id='word_1_213' title='bbox 620 2670 654 2705; x_wconf 82' lang='lat'>6.</span> <span class='ocrx_word' id='word_1_214' title='bbox 673 2671 707 2707; x_wconf 84' lang='lat'>8.</span> <span class='ocrx_word' id='word_1_215' title='bbox 734 2671 780 2705; x_wconf 86' lang='lat' dir='ltr'>dc</span> <span class='ocrx_word' id='word_1_216' title='bbox 803 2671 989 2716; x_wconf 73' lang='lat' dir='ltr'>pudicitia</span> <span class='ocrx_word' id='word_1_217' title='bbox 1013 2683 1044 2706; x_wconf 91' lang='lat' dir='ltr'>c.</span> <span class='ocrx_word' id='word_1_218' title='bbox 1066 2672 1123 2706; x_wconf 78' lang='lat'>21.</span> <span class='ocrx_word' id='word_1_219' title='bbox 1142 2670 1199 2705; x_wconf 77' lang='lat'>40.</span> <span class='ocrx_word' id='word_1_220' title='bbox 1343 2673 1431 2704; x_wconf 61' lang='lat' dir='ltr'>edat.</span> <span class='ocrx_word' id='word_1_221' title='bbox 1456 2670 1595 2705; x_wconf 84' lang='lat' dir='ltr'>Theot.</span> <span class='ocrx_word' id='word_1_222' title='bbox 1617 2670 1728 2704; x_wconf 88' lang='lat' dir='ltr'>Tom.</span> <span class='ocrx_word' id='word_1_223' title='bbox 1751 2670 1821 2704; x_wconf 85' lang='grc' dir='ltr'><strong>ΙΙΙ.</strong></span> <span class='ocrx_word' id='word_1_224' title='bbox 1846 2669 1965 2714; x_wconf 80' lang='lat' dir='ltr'><strong>p.29.-</strong></span> <span class='ocrx_word' id='word_1_225' title='bbox 1987 2668 2019 2702; x_wconf 87' lang='lat' dir='ltr'>A</span> <span class='ocrx_word' id='word_1_226' title='bbox 2041 2668 2183 2703; x_wconf 76' lang='lat' dir='ltr'>Judaeis</span> 
     </span>
     <span class='ocr_line' id='line_1_28' title="bbox 356 2738 2181 2787; baseline -0.002 -11"><span class='ocrx_word' id='word_1_227' title='bbox 356 2742 571 2786; x_wconf 50' lang='lat' dir='ltr'>Cyprianus</span> <span class='ocrx_word' id='word_1_228' title='bbox 614 2743 660 2777; x_wconf 83' lang='lat' dir='ltr'>de</span> <span class='ocrx_word' id='word_1_229' title='bbox 703 2742 849 2777; x_wconf 84' lang='lat' dir='ltr'>unitate</span> <span class='ocrx_word' id='word_1_230' title='bbox 886 2742 1077 2777; x_wconf 72' lang='lat' dir='ltr'>Ecclesiae.</span> <span class='ocrx_word' id='word_1_231' title='bbox 1138 2741 1198 2777; x_wconf 84' lang='lat' dir='ltr'>Cf.</span> <span class='ocrx_word' id='word_1_232' title='bbox 1341 2740 1422 2776; x_wconf 83' lang='lat' dir='ltr'>haec</span> <span class='ocrx_word' id='word_1_233' title='bbox 1444 2741 1584 2787; x_wconf 80' lang='lat' dir='ltr'>placita</span> <span class='ocrx_word' id='word_1_234' title='bbox 1610 2741 1659 2776; x_wconf 81' lang='lat' dir='ltr'>ad</span> <span class='ocrx_word' id='word_1_235' title='bbox 1679 2739 1915 2775; x_wconf 81' lang='lat' dir='ltr'>Christianos</span> <span class='ocrx_word' id='word_1_236' title='bbox 1938 2738 2181 2774; x_wconf 70' lang='lat' dir='ltr'>transierunt.</span> 
     </span>
    </p>
   </div>
  </div>
 </body>
</html>
