2341 3340
1227 145 1295 192 58

305 300 355 327 ex
385 285 556 339 epistola
585 284 826 338 Cyprianica
854 285 921 325 29.
949 286 1173 339 apparebit.
1231 284 1551 335 Ordinaban'tnr,
1588 285 1697 338 quod
1725 285 1889 333 monui,
1918 284 2008 324 sine
2040 297 2227 325 manuum

301 365 575 418 impositione.
634 364 995 405 Persecutionibus
1036 366 1252 405 ecclesiam
1280 365 1589 414 infestantibus,
1639 365 1688 404 ab
1716 364 1933 417 Episcopis
1965 376 2057 403 cum
2086 365 2229 405 literis

301 447 471 486 clericis
502 444 554 485 ad
583 449 771 485 externas
802 445 995 485 ecclesias
1024 445 1290 484 mittebantur
1319 441 1464 497 (Cypr.
1489 455 1553 495 ep.
1581 443 1622 481 9.
1648 443 1752 493 290.

482 522 522 562 4.
579 525 818 566 Acolutlzos
845 525 972 564 habet
1004 523 1229 576 Cyprianus
1268 535 1333 575 ep.
1363 521 1404 561 7.
1432 521 1500 560 34.
1530 521 1598 560 52.
1631 521 1700 560 77.
1734 521 1801 562 78.
1833 521 1903 562 ¹79.

480 602 522 643 5.
580 605 841 644 Exorm'stas
869 604 1043 644 ecclesia
1073 602 1279 650 Africana,
1308 602 1406 641 licet
1435 600 1721 640 Exorcismum
1750 601 1857 641 bene
1887 601 2059 648 noverit,
2094 598 2228 652 eoque'

299 696 410 737 saepe
436 696 509 723 usa
530 683 671 731 fuerit,
701 682 811 722 haud
842 683 986 722 habuit
1008 685 1103 721 ante
1134 681 1326 733 Cypriani
1350 684 1525 719 aetatem.
1582 679 1737 719 Eorum
1761 680 1868 732 apud
1895 681 2063 720 Latinos
2094 680 2227 732 prima

298 763 454 803 mentio
483 761 663 801 occurrit
692 762 735 800 in
754 761 937 813 Epistola
960 760 1142 800 Cornelii
1161 760 1357 814 Episcopi
1383 759 1559 799 Romani
1586 758 1694 812 apud
1724 758 1949 798 Eusebium
1977 759 2030 799 H.
2057 757 2106 798 E.
2135 756 2226 799 Vll.

298 854 335 882 c.
363 841 432 881 43.
461 842 570 881 circa
597 852 748 880 annum
777 838 874 878 251.
902 840 1066 892 scripta.

477 919 518 958 6.
575 918 784 958 Lectores
819 917 926 969 apud
958 917 1190 957 Haereticos
1221 921 1513 958 commemorat
1550 918 1963 972 auctor'appendicis
1995 916 2047 956 ad
2075 915 2225 955 librum

297 998 351 1038 de
385 996 762 1050 praescriptionibus
802 1008 836 1034 c.
873 994 942 1033 41.
976 1032 980 1035 ,
1021 994 1147 1045 Atqui
1194 996 1282 1034 noti
1323 1007 1484 1048 quoque
1527 1003 1643 1039 erant
1689 1001 1733 1039 in
1782 999 1957 1038 ecclesia
2002 993 2228 1035 Catholica.

296 1075 531 1128 Saepissime
561 1074 612 1113 de
640 1075 691 1113 iis
722 1074 905 1125 loquitur
932 1073 1178 1126 Cyprianus,
1222 1078 1266 1113 et
1294 1074 1338 1113 in
1368 1088 1513 1129 magna
1544 1061 1615 1116 eos
1645 1078 1774 1116 fuisse
1808 1077 2129 1122 existimatione,
2160 1072 2228 1113 vel

293 1153 392 1193 inde
415 1156 541 1207 patet,
573 1152 683 1205 quod
701 1152 937 1194 Celerinum
966 1157 1008 1193 et
1031 1154 1244 1193 Aurelium
1264 1153 1534 1195 Confessores
1561 1157 1605 1195 in
1627 1156 1738 1195 hunc
1767 1156 1953 1195 ordinem
1976 1152 2228 1207 cooptaverit

295 1231 466 1287 (·ep.37.
482 1235 524 1271 et
537 1229 643 1284 380.
689 1231 726 1271 E
757 1243 930 1282 quorum
956 1245 1128 1272 numero
1154 1245 1225 1272 eos
1255 1234 1325 1285 qui
1352 1246 1449 1273 rure
1482 1234 1687 1287 degebant
1714 1234 1881 1274 Punicae
1903 1235 2053 1287 linguae
2078 1242 2226 1286 guaros

293 1324 386 1351 esse
416 1310 621 1359 debuisse,
655 1322 706 1350 ex
733 1303 795 1349 iis
813 1310 999 1361 liquebit,
1031 1324 1123 1362 quae
1151 1314 1323 1353 inferius
1342 1313 1456 1368 (cAP.
1474 1309 1585 1365 ΧΠ.)
1614 1313 1666 1352 de
1685 1314 1939 1353 versionibus
1954 1312 2227 1365 S.Scripturae

293 1382 601 1443 disputabimus.
656 1389 900 1430 Lectoribus
932 1401 1094 1441 quoque
1125 1391 1331 1432 interdum
1360 1391 1636 1431 concreditam
1663 1391 1792 1432 fuisse
1823 1392 2224 1432 catechumenorum

291 1469 619 1518 institutionem,
667 1473 835 1521 apparet
871 1483 922 1509 ex
955 1470 1147 1523 Cypriani
1189 1471 1361 1523 epistola
1403 1470 1472 1509 29.
1514 1471 1586 1510 ubi
1619 1451 1814 1524 Optatum
1857 1471 2146 1511 Confessorem
2183 1471 2227 1508 et

290 1546 681 1600 Hypodiaconorum
722 1548 832 1587 inter
867 1537 1068 1593 Lectores
1109 1550 1322 1589 doctorem
1360 1549 1613 1589 audientium
1642 1564 1665 1589 a
1701 1563 1746 1590 se
1777 1551 2042 1590 coustitutum
2073 1551 2223 1589 narrat.

289 1626 447 1666 Eorum
475 1627 597 1667 statio
625 1627 669 1666 in
698 1627 874 1669 ecclesia
906 1631 994 1668 erat
1017 1629 1077 1669 ad
1097 1630 1322 1683 pulpitum
1349 1644 1383 1669 s.
1402 1631 1599 1670 tribunal
1627 1631 1820 1670 ecclesiae
1847 1627 2221 1683 (Cypr.Epist.38.

292 1707 335 1745 et
375 1705 463 1754 39.)
517 1705 781 1755 quamobrem
815 1720 948 1760 super
982 1709 1205 1761 pulpitum
1242 1709 1411 1762 imponi
1447 1713 1492 1747 et
1531 1708 1593 1748 ad
1622 1709 1847 1762 pulpitum
1888 1710 2039 1748 venire
2078 1720 2222 1747 eorum

290 1784 458 1823 denotat
488 1782 800 1824 ordinationem
835 1797 887 1824 ex
919 1797 995 1824 usu
1026 1785 1221 1837 loquendi
1246 1785 1452 1837 Cypriani.
1520 1784 1758 1826 Custodiam
1784 1786 1982 1826 librorum
2013 1799 2220 1826 sacrorum

289 1863 353 1903 eis
383 1862 663 1902 concreditam
690 1862 846 1910 fuisse,
888 1861 1006 1901 valde
1035 1865 1099 1900 est
1127 1863 1351 1915 probabile.

353 1936 356 1939 ’
467 1939 509 1979 ’7.
569 1941 863 1981 Ostiarz'orum
895 1954 929 1981 s.
959 1941 1210 1986 &mitorum
1243 1941 1352 1981 nulla
1380 1941 1424 1981 in
1456 1940 1701 1983 Tertulliani
1733 1946 1855 1994 atque
1881 1942 2074 1996 Cypriani
2100 1942 2216 1982 libris

290 2020 472 2061 occurrit
500 2020 670 2059 mentio.

451 2099 508 2138 8.
563 2100 849 2141 Diacom‘ssas
877 2099 1078 2152 denique,
1121 2111 1213 2151 quae
1242 2099 1353 2139 haud
1384 2112 1477 2139 raro
1506 2100 1663 2141 Viduae
1688 2102 1956 2150 vocabantur,
1985 2100 2215 2141 Ecclesiam

290 2178 522 2218 Africanam
565 2177 619 2217 ha
641 2180 785 2225 aruisse,
820 2178 991 2227 iisdem,
1032 2179 1179 2230 quibus
1207 2180 1250 2218 in
1281 2179 1453 2229 reliquis
1497 2179 1683 2219 omnibus
1715 2181 1925 2229 coetibus,
1964 2180 2216 2232 exequendis

288 2257 438 2297 officiis
476 2259 686 2306 vacantes,
725 2270 775 2297 ex
805 2257 1059 2298 Tertulliano
1089 2258 1377 2310 comperimus.
1435 2257 1481 2297 In
1512 2258 1627 2298 hisce
1654 2271 1752 2298 vero
1784 2259 1933 2297 officiis
1963 2262 2075 2298 certe
2102 2259 2234 2298 hand*

287 2338 472 2377 ultimum
504 2338 592 2375 erat
619 2336 739 2383 illud,
779 2339 826 2375 ut
856 2337 900 2375 in
932 2336 1149 2389 Gynaeceis
1179 2341 1452 2376 matronarum
1482 2337 1762 2385 ethnicarum,
1798 2337 1847 2376 ad
1881 2350 1971 2388 quae
2001 2338 2135 2377 aditus
2153 2338 2214 2377 ‘iis

287 2427 505 2456 concessus
529 2417 630 2462 erat,
660 2414 815 2454 semina
831 2415 1041 2467 religionis
1064 2419 1315 2467 spargerent.
1372 2415 1439 2455 Ad
1467 2415 1577 2454 istud
1598 2428 1693 2454 vero
1719 2416 2043 2456 Diaconissarum
2067 2429 2212 2456 munus

286 2495 544 2548 eligebantur
572 2491 708 2531 viduae
743 2493 926 2542 univirae,
965 2495 1173 2546 sexaginta
1208 2507 1334 2533 annos
1361 2498 1480 2543 natae,
1516 2508 1607 2546 quae
1640 2495 1804 2547 quidem
1831 2499 1927 2535 aetas
1953 2496 1995 2535 in
2023 2495 2073 2534 iis
2091 2495 2211 2547 juxta

286 2576 535 2626 praeceptum
569 2571 854 2623 Apostolicum
900 2573 925 2611 l
956 2572 1138 2612 Timoth.
1166 2571 1214 2612 V.
1249 2573 1288 2611 9.
1321 2575 1633 2624 requirebatur3
1687 2575 1973 2625 requirebatur
2009 2577 2209 2625 praeterea

286 2655 330 2691 ut
365 2651 518 2691 liberos
560 2649 835 2700 educassent3
884 2651 956 2702 (de
999 2651 1182 2691 velandis
1227 2652 1451 2704 virginibus
1502 2665 1537 2692 c.
1566 2650 1643 2706 9.).
1713 2653 1975 2696 Matrimonia
2019 2656 2207 2705 petentes

285 2743 352 2772 eas
379 2731 530 2784 pariter
555 2742 602 2770 ac
629 2730 870 2783 Episcopos.
897 2729 1164 2783 Presbyteros
1197 2734 1238 2771 et
1261 2730 1462 2772 Diaconos
1486 2733 1662 2777 adibant.
1694 2730 1769 2786 (de
1790 2744 2019 2784 monogam.
2049 2745 2084 2771 c.
2116 2729 2204 2785 11.)
