2341 3340
1005 121 1072 166 87

91 262 266 303 cedente
287 264 406 301 aetate
425 257 477 301 ad
495 252 711 313 Augustini
730 270 858 308 usque
882 260 1076 310 tempora,
1104 255 1173 310 qui
1204 258 1352 310 saepius
1371 257 1423 297 de
1454 262 1711 303 multitudine
1734 267 1776 304 et
1804 265 1996 306 varietate

89 341 321 384 versionum
337 340 582 386 Latinarum,
612 336 814 376 Africanis
843 338 957 376 certe
985 334 1096 375 haud
1119 336 1305 385 exclusis,
1335 336 1555 388 queritur⁷⁶

268 420 350 471 Qui
386 421 522 458 autem
558 414 714 454 suerint
751 414 914 464 fontes,
959 427 983 454 e
1019 415 1164 465 quibus
1202 414 1292 453 istae
1329 415 1536 455 versiones
1576 415 1677 456 adeo
1723 418 1997 473 discrepantes

91 499 359 545 manaverint,
402 498 444 534 et
472 493 532 532 illi
561 493 745 545 inprimis
774 506 798 532 e
829 493 973 545 quibus
1008 492 1143 532 hausti
1180 495 1275 532 sunt
1309 492 1403 531 libri
1431 492 1534 532 Novi
1566 494 1819 536 Testamenti
1853 497 1998 539 Latine

90 577 218 625 facti,
256 586 338 615 non
366 572 489 624 hujus
518 573 581 610 est
615 571 695 610 loci
731 572 954 612 accuratius
989 571 1230 611 examinare.
1294 570 1340 610 In
1378 571 1610 623 Evangeliis
1647 575 1775 613 secuti
1813 575 2001 616 videntur

91 654 360 706 antiquiorem
391 651 501 690 illam
527 651 821 700 recensionem,
850 663 940 702 quae
971 650 1188 693 orientalis
1215 664 1237 690 a
1261 649 1527 690 Griesbachio
1556 652 1735 700 vocatur,
1763 654 1827 693 vel
1854 647 2002 706 κοινὴν

91 733 203 773 illam
235 728 405 772 ἔκδοσιν
436 729 658 769 secundum
695 729 936 782 Hugiun183
985 731 1028 770 in
1055 729 1250 782 Epistolis
1288 729 1460 768 forsitan
1499 728 1664 768 codices
1703 741 1753 768 ex
1778 725 2001 786 Ἀποςόλῳ

89 813 250 858 auctos,
289 821 462 861 quorum
490 809 717 848 tenaciores
747 811 862 847 erant
891 808 1048 858 Latini,
1089 807 1199 859 quod
1231 820 1301 847 eos
1336 808 1446 848 nulla
1474 809 1746 861 corruptionis
1774 809 2003 861 suspicione

89 888 276 929 laborare
297 890 503 940 putarunt,
533 899 656 938 qnum
677 886 812 926 Graeci
829 891 971 927 contra
999 886 1243 940 praeferrent
1268 887 1355 939 ipsa
1373 885 1452 928 τοῦ
1471 881 1713 935 Ἀποςόλου
1739 886 2004 940 antigraphafl.

91 965 281 1006 Sufficiat
309 977 442 1014 nosse,
480 965 637 1014 sontes,
676 966 753 1004 etsi
783 966 1107 1017 antiquissimos,
1143 964 1270 1004 fuisse
1302 965 1482 1014 vitiatos,
1517 965 1560 1004 id
1590 965 1700 1016 quod
1729 964 2005 1007 Tertullianus

84 1044 173 1098 jam
199 1043 362 1096 agnovit
373 1042 433 1092 103
475 1056 553 1083 nec
583 1056 684 1095 opus
716 1056 830 1093 esse,
875 1047 921 1083 ut
945 1044 996 1083 de
1026 1043 1405 1096 interpolationibus
1438 1056 1489 1082 ex
1517 1042 1715 1084 industria
1742 1044 1863 1094 sactis
1895 1046 2005 1098 cogi-

89 1126 224 1163 temus
243 1150 254 1171 ,
295 1122 375 1162 nisi
419 1122 463 1161 in
506 1122 646 1175 paucis
684 1123 890 1162 nonnullis
928 1123 1029 1162 locis
1065 1122 1213 1162 horum
1254 1122 1442 1162 codicum
1476 1121 1738 1171 Latinorum,
1784 1123 1827 1162 in
1860 1124 2006 1175 quibus

90 1199 296 1242 sectarum
324 1200 483 1241 diversa
510 1200 642 1240 studia
670 1200 842 1241 forsitan
870 1199 1239 1248 interveneruntll,
1278 1211 1450 1250 quaeque
1472 1199 1558 1250 jam
1593 1199 1820 1250 indigitavit
1843 1199 2007 1240 Tertul—

91 1280 222 1321 lianus
251 1280 356 1320 libro
390 1279 443 1319 de
477 1291 644 1332 praescr.
673 1292 708 1319 c.
732 1279 801 1318 38.
872 1280 985 1319 Illuc
1020 1279 1158 1330 igitur
1193 1281 1237 1318 et
1263 1278 1585 1331 scripturarum
1618 1282 1662 1317 et
1692 1279 2007 1331 expositionum

96 1360 365 1400 adulteratio
396 1358 651 1413 deputanda
683 1363 780 1405 est,
826 1358 901 1397 ubi
927 1357 1162 1396 diversitas
1194 1357 1419 1395 invenitur
1446 1355 1673 1396 doctrinae.
1735 1357 1893 1408 Quibus
1911 1359 2008 1409 sm‘t

91 1439 369 1493 propositum
401 1438 534 1477 aliter
555 1436 749 1484 docendi,
787 1437 1024 1477 necessitas
1055 1435 1251 1474 instituit
1276 1435 1408 1473 aliter
1433 1434 1696 1488 disponendi
1716 1436 2009 1475 instrumenta

97 1515 324 1556 doctrinae„
394 1513 539 1565 Neque
573 1527 670 1554 vero
710 1515 799 1567 ipse
845 1514 1120 1554 Tertullianus
1148 1511 1270 1564 hujus
1304 1511 1392 1550 vitii
1433 1523 1575 1563 expers
1617 1512 1788 1551 videtur.
1859 1512 2011 1552 Saltem

98 1592 284 1644 ejusdem
300 1593 469 1645 vestigia
493 1593 544 1632 iis
572 1593 616 1632 in
639 1593 755 1642 locis,
778 1593 821 1633 in
846 1593 989 1644 quibus
1004 1592 1204 1632 Irenaeum
1227 1590 1453 1641 exscripsit,
1482 1590 1724 1630 invenerunt
1749 1591 1821 1629 viri
1851 1588 2011 1635 docti¹²;

97 1682 192 1710 nam
207 1669 408 1709 Catholici
432 1671 503 1709 illo
536 1674 722 1722 tempore
744 1672 871 1711 nimio
900 1671 990 1722 plus
1017 1669 1282 1720 indulgebant
1308 1668 1391 1706 suis
1415 1666 1466 1704 de
1487 1672 1677 1719 corrupto
1699 1681 1773 1720 per
1794 1668 2012 1707 haereticos

100 1759 308 1787 sacrorum
326 1748 523 1786 librorum
540 1749 656 1788 textu
677 1748 988 1800 suspicionibus,
1017 1747 1148 1797 iisque
1175 1745 1380 1784 interdum
1409 1745 1506 1784 alias
1535 1746 1732 1784 lectiones
1756 1745 2014 1797 opponebant

99 1837 150 1864 ex
189 1836 260 1864 sua
294 1825 556 1875 persuasione
595 1835 687 1862 cum
726 1835 823 1862 vera
850 1823 1034 1862 doctrina
1064 1822 1378 1860 consentientes.
1451 1821 1725 1861 Tertullianus
1757 1835 1854 1861 vero
1885 1836 1908 1861 a
1934 1824 2012 1875 piae

99 1901 255 1942 fraudis
294 1901 464 1940 crimine
497 1900 672 1941 maxime
708 1901 929 1941 absolvitur
960 1914 1037 1950 eo,
1081 1899 1189 1952 quod
1223 1900 1330 1951 ipsas
1366 1899 1575 1940 versiones
1616 1911 1714 1951 quas
1752 1901 1794 1940 in
1829 1901 2014 1941 manibus

101 1981 277 2022 habebat
305 1993 397 2020 cum
420 1978 577 2019 Graecis
610 1981 869 2032 comparauit,
899 1983 942 2019 et
968 1979 1157 2020 falsitatis
1188 1978 1320 2030 arguit
1347 1977 1396 2032 (l.
1422 1990 1457 2016 c.
1479 1978 1530 2017 de
1561 1978 1815 2030 monogamia
1845 1991 1882 2017 c.
1910 1975 2013 2031 11,).

104 2059 309 2100 Interdum
335 2063 471 2100 tamen
499 2059 655 2099 Graecis
679 2058 903 2107 codicibus,
933 2059 1004 2098 ubi
1026 2058 1225 2097 variantes
1250 2056 1405 2095 invenit
1432 2056 1644 2105 lectiones,
1673 2056 1839 2104 diffidit,
1866 2068 2014 2107 easque

105 2140 389 2178 haereticorum
441 2138 582 2186 tribuit
627 2137 792 2177 malitiae
822 2148 858 2175 v.
895 2149 930 2175 c.
974 2137 1067 2177 Joh.
1103 2135 1133 2175 l.
1162 2135 1227 2174 13.
1277 2134 1365 2173 Gal.
1400 2133 1450 2173 ΙΙο
1477 2133 1516 2173 5.
1562 2136 1690 2175 Hebr.
1719 2133 1787 2175 Vl.
1822 2134 1862 2173 4.
1900 2146 2012 2186 sequ.

153 2285 171 2312 ἵ
193 2284 310 2319 Locos
328 2286 530 2331 Augustini
553 2286 710 2332 collegit
737 2286 778 2321 L.
802 2297 837 2321 v.
865 2286 945 2320 Ess.
967 2284 1029 2319 l.l.
1101 2284 1137 2311 1⁰
1159 2283 1263 2318 Dicit
1305 2283 1405 2317 enim
1441 2285 1487 2317 de
1525 2293 1739 2328 monogam,
1772 2294 1802 2317 c.
1823 2282 1880 2317 11.
1918 2283 2011 2317 seia-

199 2366 234 2399 Ρ.
258 2354 314 2388 10.
340 2358 378 2393 ct
398 2355 454 2389 11.
916 2388 918 2391 ,
1171 2365 1247 2387 mus
1264 2354 1377 2398 plane
1400 2364 1468 2386 non
1491 2352 1542 2386 sce
1561 2363 1636 2387 esse
1660 2352 1696 2386 in
1712 2353 1834 2388 Groeco
1858 2352 2012 2387 authen-

155 2447 173 2474 Β
197 2448 260 2481 nu
275 2459 306 2481 rs
323 2447 513 2482 Einleitun
564 2447 604 2483 in
626 2447 691 2483 das
709 2447 740 2483 N
775 2446 819 2482 T.
840 2447 868 2481 Ι.
926 2474 933 2481 .
953 2445 1031 2481 164.
1180 2424 1260 2458 τίω·
1638 2469 1642 2470 ⁷

202 2521 240 2551 et
264 2460 343 2551 {166-
518 2459 545 2494 g
744 2476 752 2483 ⁹
900 2458 923 2492 P
1104 2491 1138 2520 ll
1170 2491 1264 2526 Adv.
1287 2491 1520 2545 Marcionem
1534 2490 1615 2525 Lib.
1641 2491 1680 2525 V.
1706 2492 1821 2525 c.4.et
1845 2492 1891 2525 de
1914 2488 2012 2524 Prsr-

1175 2560 1368 2605 scription.
1400 2571 1430 2593 c.
1450 2559 1508 2594 38.
1563 2560 1620 2594 Cf.
1645 2544 1792 2604 quoque
1814 2560 1855 2594 L.
1879 2572 1912 2594 v.
1935 2561 2010 2594 Ess.

158 2609 174 2637 9
202 2608 439 2643 Gricsbarltii
467 2608 573 2643 (surse
600 2609 634 2641 iu
666 2612 806 2644 textum
831 2608 1033 2643 Paulinum

259 2679 303 2712 Ὃ
1177 2629 1405 2665 Geschichte
1435 2629 1500 2663 der
1532 2630 1695 2675 Vulgata
1729 2642 1761 2673 p.
1787 2629 1842 2663 (50.
1865 2640 1965 2673 sequ,

204 2692 236 2723 p.
264 2695 274 2712 ι
306 2705 312 2711 .

1107 2699 1139 2727 ¹2
1174 2697 1413 2734 Gricsbachii
1440 2698 1546 2733 Curae
1579 2712 1609 2743 p.
1632 2697 1687 2733 ⁵34.
1714 2698 1768 2733 ⁵⁴9.
