2341 3340
1043 116 1109 161 29

125 254 235 296 haud
274 255 362 295 sine
399 255 460 295 ira
494 254 602 293 dicta
633 251 787 301 s1nt1⁶‚
831 253 1041 293 declarant
1069 256 1228 301 tamen,
1267 252 1468 294 Novatum
1498 254 1746 310 Carthagine
1780 261 1903 305 vitam
1937 260 2047 300 haud

126 334 311 387 degisse,
358 346 448 386 quae
480 331 685 371 Clericum
715 331 908 370 decuerit.
971 332 1068 370 Fuit
1104 332 1385 371 tantummodo
1420 331 1668 385 Presbyter,
1712 349 1919 389 nunquum
1945 351 2043 378 vero

126 413 378 465 Episcopus,
408 415 462 450 -ut
483 410 657 449 Baronio
688 413 731 449 et
758 409 925 448 Petavio
954 411 1083 448 visum
1100 409 1161 458 1⁷,
1191 409 1446 460 Romamque
1478 412 1599 462 petiit
1633 416 1728 451 ante
1758 413 2045 467 Episcopatum

130 491 324 538 Cornelii,
352 501 455 528 anno
485 501 524 540 p.
552 487 598 526 C.
630 501 670 527 n.
698 477 851 528 25LT3.
921 489 1201 531 Numidicum
1236 488 1363 526 habet
1392 487 1618 540 Cyprianus
1654 490 1731 542 Ep.
1763 490 1832 529 40.
1871 505 1894 530 a
1919 504 1963 530 se
1994 493 2045 531 ob

128 568 392 609 constantiam
412 569 456 607 in
475 568 763 620 persecutione
787 567 839 608 ad
853 566 1162 618 Presbyteratus
1187 566 1355 619 gradum
1379 570 1579 617 evectum,
1602 572 1724 620 atque
1742 570 2042 623 Rogatianum

129 636 441 698 Presbyterum,
481 659 602 698 quem
631 647 852 699 gloriosum
881 658 1020 685 senem
1048 649 1166 686 vocat
1195 647 1278 697 (ep.
1305 646 1364 696 6.)

305 726 524 766 Diaconos
542 738 709 777 quoque
725 727 926 766 Tertium
946 728 988 763 et
1004 726 1302 778 Pomponiam,
1338 725 1407 775 qui
1429 723 1722 765 Confessorum
1752 728 1795 764 et
1817 725 2044 778 Martyrum

126 816 200 856 pro
229 804 407 843 muneris
437 804 577 843 officio
599 817 736 843 curam
760 803 968 856 gerebant,
999 804 1125 843 habet
1146 803 1286 843 Passio
1318 801 1360 841 S.
1378 802 1420 842 S.
1452 802 1668 856 Per-pctuae
1700 809 1742 844 et
1760 805 1986 844 Felicitatis
1998 804 2044 843 1⁰.

127 881 355 923 Multorum
390 886 589 934 praeterea
621 884 791 922 aliorum
822 882 1161 934 Presbyterorum
1190 887 1310 934 atque
1338 882 1610 922 Diaconorum
1640 883 1840 922 Ecclesiae
1879 882 2047 922 Cartha-

128 961 323 1014 giniensis
345 963 508 1001 nomina
523 962 718 1015 Epistolae
743 962 933 1014 Cypriani
953 963 1101 1015 passim
1127 965 1456 1010 commemorant,
1489 962 1558 1013 qui
1578 975 1688 1011 vero,
1717 975 1838 1014 quum
1857 961 2047 1013 Cypriani
2119 999 2125 1009 ,

128 1026 285 1079 fuerint
320 1041 523 1092 aequales,
574 1054 706 1092 eoque
741 1041 947 1093 Episcopo
985 1041 1220 1080 muneribus
1259 1040 1342 1079 suis
1380 1040 1544 1089 functi,
1582 1041 1705 1093 hujus
1752 1040 2046 1091 disquisitionis

127 1117 264 1157 linites
292 1119 507 1159 excedunt.
564 1120 722 1159 Horum
749 1133 846 1159 vero
879 1121 1058 1159 omnium
1089 1120 1265 1167 nomina,
1298 1133 1379 1157 una
1408 1132 1500 1157 cum
1529 1132 1812 1158 successorum
1846 1122 2046 1169 quotquot

129 1197 303 1248 reperiri
330 1202 577 1250 potuerunt,
620 1199 731 1238 dabit
755 1199 976 1238 Morcellus
1007 1198 1161 1237 Africae
1192 1197 1435 1235 Christianae
1463 1196 1554 1237 Vol.
1585 1195 1616 1235 Ι.
1644 1210 1668 1235 a
1689 1210 1728 1248 p.
1757 1195 1824 1235 58.
1854 1196 1965 1235 inde.

310 1278 515 1318 ASSURUS
554 1277 672 1316 Prov.
702 1277 1023 1316 Proconsularis.
1089 1275 1223 1327 Hujus
1251 1274 1365 1314 urbis
1400 1275 1442 1314 in
1472 1274 1594 1327 Cypr.
1624 1287 1687 1327 ep.
1716 1273 1783 1313 65.
1819 1287 1923 1313 anno
1953 1273 2048 1314 253.

132 1354 282 1406 scripta
310 1359 557 1394 memoratur
584 1354 810 1408 Episcopus
838 1357 1223 1402 Fortzmatianua‘,
1258 1354 1301 1393 in
1337 1354 1625 1404 persecutione
1656 1354 1803 1405 lapsus.
1874 1352 2048 1392 Videtur

133 1445 231 1471 vero
268 1432 459 1485 Cypriani
489 1434 738 1486 Episcopatu
778 1435 907 1474 fuisse
950 1434 1180 1485 antiquior,
1225 1445 1350 1484 quum
1384 1433 1601 1487 quondam
1634 1431 1791 1471 dicatur
1821 1430 2049 1484 Episcopus

133 1511 317 1562 aliusque
332 1514 565 1567 Epictetus
593 1515 637 1552 in
669 1514 758 1566 ejus
784 1514 919 1553 locum
948 1513 1143 1552 suffectus
1170 1511 1309 1551 fuerit.
1366 1510 1428 1550 De
1454 1511 1535 1550 hoc
1563 1509 1808 1563 Cyprianus:
1841 1526 1938 1552 eum
1963 1526 2047 1567 pro

136 1590 311 1643 integro
344 1605 476 1643 agere
507 1594 617 1632 velle
647 1598 691 1632 et
719 1594 1038 1647 Episcopatum
1066 1593 1150 1632 sibi
1175 1590 1399 1631 vindicare
1429 1592 1629 1643 coepisse.
1810 1573 1813 1579 .

314 1669 717 1711 LAMBAESITANAM
743 1670 809 1708 vel
832 1671 1226 1710 LAMASBITANAM
1237 1669 1273 1695 2⁰
1303 1668 1346 1706 in
1374 1667 1565 1706 Numidia
1596 1668 1821 1708 Ecclesiam
1849 1673 2047 1710 memorat

138 1745 361 1798 Cyprianus
390 1748 468 1798 Ep.
493 1747 561 1785 59.
588 1761 627 1797 p.
658 1748 750 1785 132.
794 1748 910 1797 cujus
947 1747 1177 1797 Episcopus
1216 1747 1424 1785 Privatus
1462 1758 1486 1783 a
1522 1744 1680 1784 Donato
1725 1746 2048 1799 Carthaginiensi

136 1824 193 1863 9⁰
220 1824 516 1876 Episcoporum
548 1825 746 1863 sententia
778 1824 1053 1862 damnabatur.

322 1904 638 1944 UTJJ'INEzv-sm
660 1915 788 1955 prope
808 1902 1110 1954 Carthaginem,
1140 1902 1255 1954 cujus
1271 1902 1465 1955 Episcopi
1494 1903 1742 1943 mentionem
1764 1903 1864 1944 facit
1886 1904 2049 1946 Tertul-

139 1981 268 2021 lianus
298 1980 350 2019 de
379 1993 606 2033 monogam.
639 1994 673 2020 c.
696 1981 761 2020 12.
819 1982 1115 2035 Prospiciebat
1140 1982 1337 2035 Spiritus
1363 1981 1408 2021 S.
1429 1982 1624 2022 dicturos
1654 1983 1873 2036 quosdam,
1904 1987 2048 2025 omnia

141 2061 274 2100 licent
295 2060 550 2113 Episcopis,
588 2062 806 2100 sicat'ille
835 2066 978 2100 vester
1009 2060 1271 2100 Uthinensis.
1330 2061 1519 2100 Felicem
1541 2061 1592 2100 ab
1632 2061 1794 2100 Uthina
1827 2063 2001 2101 concilio
2026 2077 2048 2103 a

141 2136 341 2189 Cypriano
362 2138 567 2178 celebrato
594 2137 843 2187 interfuisse,
877 2141 1018 2177 auctor
1047 2141 1109 2176 est
1127 2137 1377 2190 Augustinus
1407 2141 1546 2177 contra
1574 2138 1803 2178 Donatistas
1830 2139 1899 2180 Vl.
1931 2153 1965 2179 c.
1982 2141 2049 2180 33.

165 2283 200 2311 1⁸
225 2285 283 2318 Cf.
306 2285 495 2326 judicium
505 2286 710 2320 Moshemii
733 2285 771 2319 in
794 2286 1002 2319 comment.
1025 2286 1070 2319 de
1142 2284 1177 2312 ²⁰
1203 2285 1418 2319 Concilium
1436 2287 1749 2333 Carthaginiense
1769 2288 1839 2322 sub
1858 2289 2048 2333 Cypriano

235 2354 348 2387 rebus
360 2355 607 2388 Christianor.
619 2359 704 2388 ante
718 2355 1002 2389 Constantinum
1016 2356 1069 2391 M.
1211 2355 1327 2398 hujus
1368 2355 1475 2389 urbis
1521 2367 1657 2390 nomen
1694 2357 1811 2390 habet
1851 2357 2046 2392 Lamasba.

236 2435 272 2467 p.
291 2422 370 2456 5231.
395 2426 432 2456 et
460 2423 629 2457 Walchii
657 2424 696 2458 in
727 2423 829 2459 nist.
852 2425 994 2460 Haeres.
1017 2425 1068 2460 II.
1210 2424 1243 2458 F
1246 2425 1340 2458 ellus
1366 2423 1665 2469 imprimendum
1684 2426 1831 2460 curavit
1851 2426 2047 2469 Lambesa,

236 2503 272 2535 p.
297 2490 420 2525 203-5.
1213 2493 1275 2526 cui
1305 2494 1541 2539 suffragatur
1570 2495 1797 2530 Ptolemaeus
1820 2497 1979 2540 Λαμαίσα
2012 2508 2047 2530 τ.

171 2560 208 2589 ῙῚ
232 2561 379 2595 Walch.
408 2560 437 2594 I.
463 2571 493 2593 c.
550 2572 585 2604 p.
609 2561 689 2595 204.
1211 2565 1393 2608 Λαμβαίσα
1412 2564 1590 2600 scribens.
1611 2576 1648 2600 v.
1672 2564 1805 2600 Routh
1826 2565 1910 2599 Rcl.
1926 2565 2048 2600 Sacrae

168 2629 204 2657 18
232 2629 324 2663 ibid.
353 2641 388 2673 p.
410 2628 490 2663 225.
1209 2632 1279 2667 III.
1301 2644 1337 2677 p.
1360 2631 1439 2667 105.

170 2697 205 2726 19
229 2697 403 2733 Ruinart.
435 2709 471 2742 p.
491 2696 547 2732 86.
