2341 3340
1217 161 1318 207 160

308 299 461 342 Canon.
484 300 553 342 45.
616 303 673 344 Ut
695 298 981 359 aegrotantes,
1013 308 1055 346 si
1071 320 1152 361 pro
1171 321 1216 347 se
1240 306 1504 361 respondere
1523 320 1612 347 non
1633 312 1830 363 possunt,
1862 322 1954 349 cum
1972 309 2225 350 volumtatis

576 396 728 424 eorum
758 386 1057 426 testimonium
1095 387 1167 426 sui
1198 386 1398 439 periculo
1434 389 1619 441 proprio
1663 388 1887 435 dixerint,
1931 387 2222 441 baptizentur.

578 461 634 502 Ut
684 465 865 504 scenicis
915 470 1042 519 atque
1088 464 1372 504 histrionibus
1425 467 1677 520 caeterisque
1717 465 1968 519 hujusmodi
2020 466 2223 520 personis

573 543 874 584 reconciliatio
913 558 1000 584 non
1039 549 1240 596 negetur.

628 618 811 661 eoncilia
839 622 1033 662 Africana
1069 635 1156 662 can.
1188 622 1254 662 12.
1311 621 1468 661 Labbei
1499 622 1626 662 Conc-
1657 633 1698 674 p.
1723 622 1847 662 1072.

304 716 458 761 Canon.
488 718 559 760 49.
621 724 786 764 Forma
818 727 1000 780 antiqua
1033 726 1305 773 servabitur,
1345 730 1397 765 ut
1425 737 1514 764 non
1546 726 1692 765 minus
1719 737 1845 778 quam
1869 729 1961 765 tres
1987 726 2225 780 sufficiant,

569 803 647 855 qui
655 804 838 854 suerint
861 805 1077 845 destinati
1095 804 1154 844 ad
1182 806 1429 859 episcopum
1455 803 1762 849 ordinandum,
1791 808 2033 857 propterea
2060 806 2161 859 quia
2177 806 2224 845 in

570 880 745 933 Tripoli
760 883 889 932 forte
929 889 972 922 et
1005 884 1051 921 in
1082 884 1257 935 Arzuge
1288 882 1556 935 interjacere
1587 881 1793 922 videntur
1821 882 2020 923 barbarae
2048 890 2227 936 gentes,·

569 969 673 997 nam
703 960 748 997 in
772 959 958 1013 Tripoli,
999 965 1050 1000 ut
1078 962 1306 1006 asseritur,
1345 962 1540 1014 episcopi
1563 966 1669 1001 sunt
1700 964 1885 1016 quinque
1912 963 2224 1010 tantummodo,

569 1042 611 1076 et
624 1044 812 1092 possunt
824 1039 955 1090 sorte
977 1038 1030 1078 de
1053 1040 1146 1093 ipso
1165 1050 1344 1079 numero
1363 1038 1431 1077 vel
1452 1037 1537 1077 duo
1559 1042 1816 1081 necessitate
1840 1041 1984 1095 aliqua
2008 1041 2223 1095 occupari.

627 1114 808 1156 Concilia
838 1116 1032 1157 Africana
1060 1129 1147 1156 can.
1173 1117 1240 1156 16.
1299 1115 1398 1156 ibid.
1427 1129 1467 1169 p.
1498 1115 1622 1157 1073.

303 1216 457 1259 Canon.
485 1214 555 1258 51.
614 1219 830 1271 Quoniam
877 1220 931 1260 de
964 1221 1293 1277 commonitorio
1336 1223 1488 1260 nostro
1534 1220 1682 1260 omnia
1728 1224 1928 1261 tractata
1972 1220 2225 1270 noscuntur,

569 1296 771 1338 addimus
794 1301 941 1348 etiam,
972 1300 1026 1339 de
1047 1299 1117 1339 die
1131 1300 1307 1354 paschae
1327 1299 1447 1339 nobis
1469 1312 1561 1339 esse
1583 1298 1852 1348 mandatum,
1886 1306 1937 1341 ut
1961 1299 2016 1340 de
2044 1302 2225 1342 ecclesia

568 1391 739 1432 semper
770 1379 1150 1432 Carthaginiensi,
1187 1379 1324 1419 sicuti
1352 1378 1542 1425 assolet,
1587 1378 1892 1428 instruamur,
1939 1385 1984 1419 et
2015 1392 2105 1420 non
2149 1379 2225 1420 sub

570 1462 759 1510 angusto
788 1459 997 1517 temporis
1023 1459 1182 1513 spatio.

628 1534 812 1574 Concilia
845 1535 1038 1575 Africana
1067 1549 1154 1576 can.
1179 1536 1245 1576 18.
1301 1536 1401 1576 ibid.
1429 1549 1469 1589 p.
1494 1535 1618 1577 1073.

480 1659 640 1701 Praeter
671 1660 748 1701 hos
781 1660 883 1701 duos
911 1661 1038 1701 habet
1066 1674 1240 1702 canones
1269 1662 1497 1703 Morcellus
1526 1662 1617 1703 Afr.
1646 1660 1798 1702 Christ.
1827 1658 1878 1702 11.
1908 1672 1949 1715 p.
1977 1661 2046 1702 90.
2074 1665 2117 1704 et
2143 1661 2226 1714 89„

302 1752 404 1795 quos
431 1741 682 1792 antiquiores
711 1741 824 1794 leges
855 1740 1062 1793 respicere
1090 1743 1245 1782 statuit.

302 1845 454 1886 Canon.
483 1843 552 1885 37.
611 1843 828 1885 Primitiae
857 1856 987 1892 vero,
1023 1858 1099 1885 seu
1127 1845 1212 1885 mel
1241 1849 1285 1885 et
1320 1845 1416 1892 lac,
1461 1850 1506 1886 et
1534 1844 1650 1900 quod
1678 1857 1764 1885 uno
1804 1844 1874 1885 die
1908 1844 2221 1886 solemnissimo

567 1924 614 1963 in
646 1924 869 1975 infantum
905 1924 1113 1976 mysterio
1146 1923 1383 1975 (baptismo)
1412 1925 1527 1965 solet
1561 1922 1743 1978 offerri,
1784 1924 1977 1977 quamvis
2006 1924 2053 1963 in
2085 1924 2226 1964 altari

570 2003 845 2058 offerantur,
890 2015 1017 2041 suam
1059 2008 1206 2042 tamen
1246 2003 1434 2043 habeant
1472 2002 1706 2057 propriam
1736 2001 2104 2043 benedictionem.-
2151 2003 2220 2053 qni

567 2080 758 2121 nimirum
787 2080 888 2120 ritus
919 2092 943 2119 a
970 2080 1053 2119 ritu
1080 2079 1266 2120 Romano
1295 2079 1510 2134 discrepat.

627 2159 815 2199 canones
844 2158 1096 2199 diversorum
1120 2158 1276 2198 Concil.
1299 2161 1448 2200 eccles.
1472 2159 1678 2200 Africanae
1710 2170 1799 2198 can.
1818 2156 1888 2198 37.
1923 2158 2023 2198 ibid.
2044 2171 2084 2212 p.
2100 2159 2221 2205 1068.

300 2279 453 2321 Canon.
488 2276 592 2318 103ae
641 2277 813 2319 Placuit
839 2279 972 2318 etiarn
1003 2277 1096 2325 hoc,
1129 2281 1179 2318 ut
1195 2291 1371 2332 preces,
1406 2290 1502 2332 quae
1519 2276 1722 2332 probatoe
1733 2278 1913 2330 fuerint
1938 2277 1983 2317 in
2011 2278 2217 2326 Concilio,

567 2360 659 2399 sive
695 2358 990 2412 praefationes
1025 2358 1117 2397 sive
1155 2356 1550 2396 commendationes
1589 2370 1665 2396 sen
1706 2369 1861 2396 manus
1905 2357 2215 2410 impositiones,

567 2438 619 2478 ab
637 2436 828 2476 omnibus
849 2435 1134 2483 celebrentur,
1163 2449 1244 2475 nec
1264 2436 1369 2475 aliae
1388 2436 1562 2474 omnino
1583 2441 1739 2475 contra
1743 2434 1880 2488 fidem
1895 2436 2215 2488 praeferantur,

565 2515 642 2556 sed
668 2528 926 2568 quaecunque
955 2528 981 2554 a
1009 2514 1374 2568 prudentioribus
1390 2515 1572 2565 suerint
1604 2514 1798 2554 collectae
1826 2512 2047 2555 dicantur.

622 2592 750 2634 Iidem
783 2605 870 2633 can.
902 2592 941 2633 3.
999 2591 1155 2633 Labbei
1193 2605 1232 2645 p.
1263 2591 1357 2632 117.
