2341 3340
973 101 1071 149 223

997 243 1047 282 Π.
1232 272 1239 279 ,

381 325 457 365 EX
517 323 637 364 col).
695 322 787 365 MS.
843 320 1232 361 BIBLIOTHEGAE
1291 321 1673 366 COLBERTINAE.

70 428 220 469 Passio
248 434 501 470 sanctorum
530 428 782 478 Martyrum
814 424 1020 478 Sper-ati,
1067 426 1274 471 Nazarz'z',
1323 427 1452 473 Cz'cz‘z‘,
1492 429 1706 475 Domum,
1744 428 1972 479 Secundae,

189 507 353 554 Vestae,
401 513 445 546 et
482 506 685 545 comicum
716 515 888 550 eorum,
925 505 1000 558 qui
1028 504 1157 557 passi
1187 507 1290 542 sunt
1319 502 1586 557 Carthagine
1618 506 1694 546 sub
1728 506 1972 549 Saturnino

182 585 445 626 Proconszde
476 583 596 623 XVI.
628 582 731 622 Kal.
762 583 877 635 Aug.

249 686 289 725 1.
359 683 559 724 Adductis
601 697 699 738 ergo
738 685 783 724 in
824 683 1044 724 secretario
1064 682 1100 712 21
1152 682 1408 737 Carthaginis
1454 684 1727 736 apparitorum
1745 686 1782 714 22
1835 687 1973 728 officio

69 764 281 818 Sperato,
323 751 550 811 Nazario,
579 764 716 810 Cz’cz‘o,
754 764 955 808 Donata,
995 761 1199 800 Secunda
1230 767 1271 802 et
1300 762 1445 810 Vesta,
1481 763 1603 801 sociis
1632 775 1794 812 eorum,
1839 764 1975 806 Satur-

70 841 190 880 ninus
236 842 463 881 Proconsul
497 841 563 879 his
598 839 783 879 omnibus
821 838 1066 892 generaliter
1100 838 1231 878 dixit:
1288 839 1466 879 Potestis
1504 840 1798 892 indulgentiam
1837 855 1977 884 omnes

70 933 94 959 a
124 919 297 959 (leminis
327 920 475 958 nostris
510 918 825 970 imperatoribus
859 916 1110 969 promereri,
1153 917 1188 955 si
1219 915 1271 956 ad
1305 917 1457 977 bonam?
1484 921 1662 957 mentem
1692 919 1892 970 redeatis,
1936 926 1978 962 et

67 997 248 1037 Deorum
286 1001 517 1036 nostrorum
546 998 797 1036 ceremonias
838 996 1074 1036 observetis.
1132 993 1304 1034 Sanctus
1343 994 1535 1047 Speratus
1576 996 1702 1036 dixit:
1760 998 1973 1051 Nunquam

70 1076 243 1128 gessisse
272 1074 427 1114 conscii
450 1086 587 1113 sumus
619 1075 887 1126 iniquitatem,
922 1087 1040 1126 opem
1073 1077 1194 1125 atque
1223 1085 1429 1112 assensum
1458 1086 1540 1113 non
1569 1075 1812 1126 praebuimus
1829 1106 1840 1125 ,
1875 1079 1976 1118 nulli

69 1166 258 1205 umquam
287 1166 361 1193 nos
390 1154 496 1192 male
534 1153 684 1192 dixisse
717 1153 958 1200 recolimus,
1003 1152 1075 1192 sed
1104 1152 1209 1192 male
1237 1153 1396 1191 tractati
1420 1165 1466 1191 ac
1496 1153 1673 1191 lacessiti
1701 1166 1861 1206 semper
1888 1156 1975 1196 Deo

70 1232 218 1284 gratias
245 1232 414 1284 egimus.
472 1231 682 1281 Siquidem
708 1235 749 1270 et
778 1243 851 1283 pro
879 1231 929 1270 iis
955 1231 1168 1277 oravimus,
1200 1242 1300 1280 quos
1328 1229 1479 1280 injuste
1506 1230 1758 1281 patiebamur
1790 1232 1975 1283 infestos,

70 1323 143 1362 pro
170 1322 248 1361 qua
271 1322 318 1349 re
347 1313 387 1348 et
410 1309 698 1361 imperatorem
727 1313 911 1348 nostrum
939 1307 1208 1355 adtendimus,
1240 1320 1263 1346 a
1288 1319 1367 1358 quo
1395 1307 1512 1347 nobis
1539 1308 1632 1347 haec
1655 1310 1812 1350 vivendi
1838 1324 1978 1354 norma

70 1400 261 1427 concessa
291 1390 365 1426 est.
432 1386 673 1425 Saturninus
716 1386 842 1425 dixit:
898 1385 953 1424 Et
982 1386 1097 1425 nobis
1132 1385 1436 1437 religiosissima
1469 1389 1510 1425 et
1538 1387 1708 1438 simplex
1742 1393 1805 1429 est
1841 1395 1978 1431 nostra

69 1466 226 1517 religio,
255 1468 297 1504 et
311 1465 494 1517 juramus
518 1477 591 1516 per
618 1477 788 1516 regnum
809 1464 1063 1503 dominorum
1093 1467 1321 1502 nostrorum
1345 1464 1650 1515 Imperatorum,
1681 1469 1723 1504 et
1751 1480 1824 1518 pro
1847 1454 1977 1509 salute

72 1555 215 1582 eorum
252 1543 551 1594 supplicamus,
599 1541 709 1591 quod
750 1554 821 1580 vos
861 1542 1000 1580 facere
1040 1540 1236 1580 debeatis.
1311 1541 1503 1593 Speratus
1546 1547 1706 1583 sanctus
1752 1545 1873 1584 dixit:
1932 1546 1977 1587 Si

71 1620 304 1671 tranquillas
353 1619 575 1672 praebueris
615 1632 732 1660 aures
774 1623 884 1667 tuas,
941 1618 1069 1658 dicam
1120 1619 1357 1670 mysterium
1401 1619 1645 1660 Christianae
1696 1622 1976 1674 simplicitatis.

72 1697 312 1738 Saturninus
344 1697 569 1737 Proconsul
602 1697 727 1737 dixit:
787 1697 1005 1750 Incipienti
1038 1697 1112 1736 tibi
1149 1696 1288 1736 dicere
1325 1698 1430 1736 male
1474 1698 1527 1737 de
1566 1700 1775 1740 sacrificiis
1813 1705 1975 1753 nostris,

76 1789 193 1816 aures
220 1775 442 1829 praebebo?
500 1774 583 1815 Sed
612 1777 747 1828 potius
775 1776 912 1829 jurate
944 1789 1019 1829 per
1046 1789 1217 1829 regnum
1253 1775 1508 1816 dominorum
1540 1781 1771 1819 nostrorum
1799 1780 1976 1833 Impera-

72 1858 220 1902 torum,
252 1857 297 1892 ut
324 1853 416 1893 vitae
444 1853 559 1894 istius
589 1854 729 1895 laetitia
758 1855 988 1906 perfruatis.
1047 1854 1239 1906 Speratus
1275 1858 1435 1894 sanctus
1468 1855 1586 1894 dixit:
1644 1857 1733 1909 Ego
1761 1859 1976 1911 imperium

73 1933 194 1985 hujus
223 1931 361 1971 saeculi
392 1944 473 1970 non
511 1943 738 1983 cognosco,
784 1933 858 1973 sed
892 1934 1019 1985 magis
1057 1933 1117 1972 illi
1149 1932 1232 1972 fide
1270 1945 1342 1985 spe
1379 1936 1420 1972 et
1451 1934 1618 1973 caritate
1657 1934 1843 1975 deservio
1875 1937 1976 1988 Deo,

75 2022 195 2061 quem
223 2022 342 2050 nemo
370 2010 580 2050 hominum
608 2011 733 2060 vidit,
775 2024 852 2051 nec
881 2011 1020 2051 videre
1048 2015 1195 2064 potest.
1252 2011 1449 2059 Facinus,
1486 2012 1594 2062 quod
1621 2012 1778 2065 legibus
1803 2016 1976 2067 publicis

97 2163 129 2192 21
157 2163 299 2197 Forum
327 2163 605 2197 Praetorianum
649 2163 689 2198 in
723 2163 812 2199 eod.
839 2164 1001 2200 Justini-
1072 2164 1108 2193 22
1131 2164 1275 2199 Nomen
1296 2165 1490 2208 aparendo
1510 2166 1572 2198 vel
1592 2168 1799 2210 apparendo
1819 2169 1975 2212 dictum,

168 2229 272 2273 aneo,
298 2231 495 2266 Privatum
518 2235 763 2277 sanctumque
779 2233 1000 2268 Consilium.
1142 2234 1242 2278 quod
1273 2233 1447 2272 omnibus
1474 2233 1657 2268 ministris
1686 2247 1885 2271 commune
1909 2242 1976 2274 est.

171 2300 398 2334 observavit
428 2305 464 2335 et
486 2301 652 2336 Alc-iatus
675 2302 714 2336 in
740 2302 829 2336 God.
852 2302 999 2337 Theod.
1140 2303 1259 2337 Erant
1273 2302 1414 2336 Scribae
1432 2303 1495 2335 vel
1507 2303 1884 2348 Commentaricnses,
1905 2308 1976 2342 Ac-

168 2381 241 2404 non
263 2370 381 2403 semel
407 2371 648 2404 Secu-clarium
673 2371 772 2412 dici,
798 2372 897 2415 quod
920 2372 1000 2406 illic
1142 2371 1257 2413 censi,
1289 2371 1494 2413 Praecones,
1523 2372 1765 2416 Interpretes,
1791 2375 1976 2420 Viatores,

170 2441 314 2472 secreta
355 2449 508 2472 summm
541 2451 671 2474 rerum
709 2444 999 2475 contrectentur.
1142 2440 1324 2482 Lictores,
1350 2441 1544 2475 Custodes.
1592 2443 1677 2476 Hoc
1694 2443 1775 2476 loco
1791 2444 1835 2478 de
1849 2445 1976 2481 Licto-

168 2508 292 2542 Pollet
319 2507 479 2542 historia
501 2508 578 2542 fori
599 2508 762 2542 Romani
784 2520 818 2553 p.
832 2509 890 2544 29.
924 2509 1000 2544 No-
1141 2509 1248 2544 ribus
1270 2513 1307 2544 et
1320 2509 1548 2544 Custodibus
1569 2510 1744 2555 inprimis
1758 2513 1976 2558 accipienda

168 2589 273 2618 men,
310 2578 408 2621 quod
453 2577 635 2612 seriorem
683 2589 828 2621 quoque
858 2578 1000 2614 indicat
1141 2584 1198 2614 est
1219 2591 1303 2614 vox.
1352 2579 1410 2613 Cf.
1435 2579 1628 2614 Pollctum
1652 2592 1687 2625 p.
1709 2581 1788 2616 497.
1814 2582 1893 2619 506.

171 2650 328 2680 aetatem.
