2341 3340
1135 120 1169 165 5

200 264 414 312 Romano,
454 261 620 316 dubium
649 263 724 299 est.
752 260 755 261 ⁷
787 259 870 298 Sed
901 264 943 300 et
971 272 1130 298 morum
1157 259 1364 311 impuritas
1398 262 1518 309 atque
1548 260 1709 299 lascivia
1742 261 1792 300 ad
1818 260 1941 302 Vtum
1975 275 2104 314 usque

201 342 382 381 seculum
405 340 562 380 mansit.
623 338 804 378 Tametsi
834 338 942 376 enim
973 341 1081 376 casta
1110 341 1197 376 erat
1228 336 1389 376 Cereris
1416 338 1560 388 religio
1594 340 1636 375 et
1658 338 1829 377 castitati
1855 340 2106 381 intemeratae

201 419 408 459 servandae
454 417 658 456 adstrictae
696 417 938 456 tenebantur
973 419 1167 454 matronae
1205 428 1294 466 quae
1326 415 1403 453 ista
1440 427 1553 453 sacra
1596 416 1868 467 peragebant,
1915 416 2105 457 lascivum

200 498 337 537 nihilo
369 496 502 535 secius
535 496 688 535 cultum
718 509 810 534 cum
838 495 1038 546 religione
1066 493 1249 533 Astartes
1286 505 1336 531 ex
1370 491 1486 543 Syria
1520 492 1822 544 Phoeniciaque
1857 507 1930 546 per
1965 508 2105 535 omnes

199 574 454 615 Phoenicum
501 574 679 613 colonias
722 577 986 626 propagatum
1029 573 1200 611 servavit
1242 571 1382 610 Africa
1427 570 1621 610 Romana.
1711 571 1773 610 De
1821 572 1950 613 Vesta
1989 575 2104 614 euim

198 654 503 699 meretricum,
547 655 620 692 cui
649 655 779 692 etiam
809 653 1042 692 Phoenices
1075 652 1235 690 donum
1265 651 1428 690 dabant
1465 650 1517 689 de
1547 652 1865 703 prostitutione
1883 652 2101 704 filiarum,

199 736 431 784 antequam
457 731 706 783 jungerent
734 745 808 770 eus
842 731 971 777 viris,
1005 729 1139 783 deque
1169 730 1433 775 turpissimis
1457 729 1585 775 ludis,
1625 730 1698 781 qui
1725 730 1893 781 virgini
1920 729 2106 769 Coeles-ti

198 808 522 856 exhibebantur,
562 810 793 848 testimonia
821 808 1018 846 habemus
1046 807 1261 858 Augustini
1289 806 1339 845 de
1364 806 1450 844 civ.
1482 806 1558 844 Dei
1591 805 1659 846 IV.
1689 819 1723 845 c.
1758 807 1823 844 10.
1850 809 1890 844 et
1919 805 1970 845 11.
2001 818 2036 844 c.
2059 805 2098 845 3.

200 885 412 926 Obscoena
441 889 614 938 praetera
648 888 825 925 carmina
858 886 925 925 die
962 886 1134 924 solemni
1161 885 1370 924 lavationis
1400 898 1446 923 ac
1472 885 1712 923 lectisternii
1737 885 1858 937 hujus
1884 884 1985 933 dece,
2024 898 2105 924 una

198 976 292 1003 cum
320 965 424 1004 ludis
452 966 495 1004 in
525 965 611 1016 ejus
638 965 838 1003 honorem
865 965 1092 1012 celebratis,
1133 964 1281 1002 eodem
1312 964 1442 1015 capite
1469 963 1592 1002 tertio
1625 976 1767 1015 magna
1800 975 1891 1002 cum
1921 963 2104 1015 indigna-

197 1043 310 1081 tione
346 1042 457 1082 idem
491 1044 717 1095 Episcopus
755 1038 1051 1094 Hipponensis,
1095 1043 1277 1081 oculatus
1306 1042 1441 1088 testis,
1477 1041 1619 1080 refert.
1871 1029 1884 1033 ἠ

364 1121 405 1160 3.
465 1122 585 1161 Haud
612 1123 812 1160 minorem
836 1134 932 1160 vero
963 1134 1058 1160 rure
1088 1134 1206 1172 quam
1237 1122 1280 1159 in
1310 1120 1477 1158 urbibus
1507 1120 1636 1157 fuisse
1657 1121 1997 1171 superstitionem,
2026 1135 2107 1161 non

199 1202 262 1238 est
296 1199 403 1250 quod
443 1201 579 1239 multis
616 1184 807 1239 dicamus.
878 1200 992 1238 Rure
1032 1199 1141 1237 enim
1176 1211 1255 1237 una
1299 1210 1388 1236 011111
1430 1198 1568 1249 lingua
1605 1199 1734 1237 veteri
1772 1198 2003 1239 Poenorum
2038 1200 2106 1239 diu

196 1279 470 1329 perseveravit
488 1279 712 1317 eorundem
739 1278 884 1330 religio
913 1280 1032 1330 atque
1057 1278 1201 1316 cultus.
1266 1276 1453 1315 Habebat
1476 1289 1544 1315 rus
1566 1275 1781 1328 Augustini
1801 1280 1920 1316 aetate
1942 1279 2106 1318 arbores

197 1354 356 1394 sacras3
384 1359 427 1394 et
454 1358 604 1408 ubique
635 1358 818 1396 locorum
849 1357 966 1406 fana,
1001 1357 1140 1404 lucos,
1176 1353 1431 1403 sacerdotes,
1469 1355 1595 1403 festa,
1631 1355 1906 1404 lustrationes,
1949 1360 1993 1395 et
2018 1370 2107 1408 quoe

197 1437 291 1473 sunt
334 1436 497 1486 generis
536 1435 733 1487 ejusdem.
801 1435 976 1475 Romani
1025 1437 1159 1475 autem
1197 1433 1504 1485 superstitiones
1546 1434 1768 1484 plebeculae
1809 1434 1851 1473 in
1890 1436 2107 1487 provinciis

196 1525 339 1563 parum
365 1497 567 1562 curabant,
597 1515 631 1552 si
653 1514 775 1552 modo
794 1514 953 1566 legibus
975 1508 1355 1565 magistratibusque
1375 1512 1555 1551 debitum
1570 1516 1831 1563 praestaretur
1854 1513 2104 1565 obsequium.

196 1588 368 1642 Propria
393 1596 593 1642 praeterea
619 1592 822 1630 Numidiae
860 1595 979 1643 atquc
1007 1591 1273 1630 Mauretaniae
1309 1591 1438 1629 fuisse
1467 1591 1654 1638 numina,
1691 1591 1885 1630 Romanis
1918 1605 2033 1643 aeque
2061 1606 2107 1632 ac

197 1667 349 1706 Poenis
377 1669 526 1720 ignota,
555 1670 598 1707 in
614 1669 757 1720 quibus
780 1669 964 1720 inprimis
990 1668 1200 1707 referendi
1221 1671 1315 1706 sunt
1328 1667 1473 1706 harum
1488 1668 1786 1718 provinciarum
1809 1672 1968 1709 veteres
1988 1683 2107 1723 reges

196 1748 289 1801 post
316 1748 490 1784 mortem
520 1746 748 1784 consecrati
766 1746 804 1793 ⁷,
843 1746 887 1783 in
914 1745 1082 1784 dubium
1114 1744 1298 1783 revocari
1325 1744 1480 1796 nequit.
1538 1744 1621 1783 Per
1651 1746 1878 1785 universam
1908 1753 2107 1798 praeterea

196 1823 381 1863 Africam
403 1824 620 1863 invaluisse
653 1826 761 1862 artes
792 1821 1069 1871 divinatorias,
1101 1823 1245 1874 quibus
1274 1822 1394 1873 plena
1424 1822 1517 1871 fuit,
1553 1826 1704 1874 praeter
1734 1824 1835 1863 alios
1862 1838 1912 1864 ex
1932 1826 2107 1880 Apuleio

198 1905 367 1940 constat.
426 1901 601 1941 Oracula
631 1914 713 1940 non
745 1901 788 1939 in
815 1901 985 1940 urbibus
1016 1904 1184 1949 tantum,
1215 1900 1419 1952 quomodo
1451 1900 1708 1952 Carthagine,
1738 1901 2007 1954 frequentata,
2035 1906 2108 1944 sed

197 1982 510 2034 Boetyz'z'orum,
544 1979 724 2032 lapidum
752 1979 1012 2028 unctorumss,
1052 1990 1214 2030 quoque
1242 1979 1396 2026 cultus,
1426 1978 1478 2017 de
1508 1979 1653 2029 quibus
1674 1978 1838 2020 Servius
1865 1982 1915 2021 ad
1936 1983 2106 2023 Aeneid.

197 2057 265 2098 Vl.
278 2071 313 2097 v.
327 2059 394 2097 68.
422 2059 465 2098 in
482 2060 568 2111 ipsa
590 2058 835 2108 Carthagine
850 2058 1013 2107 floruit3
1045 2060 1087 2096 et
1109 2070 1231 2109 quum
1251 2056 1342 2096 haec
1361 2058 1504 2111 signa,
1524 2058 1775 2106 simulacra,
1793 2063 1839 2098 ut
1850 2061 1917 2108 ait,
1944 2062 2105 2110 brevia,

245 2203 262 2230 6
287 2204 418 2238 Sermo
445 2205 490 2239 (le
515 2207 685 2249 tempore
710 2204 791 2240 241.
1270 2205 1472 2239 obtexunt:
1501 2204 1680 2248 cyprian.
1710 2205 1755 2238 de
1780 2206 1976 2241 Idolorum
1999 2208 2106 2242 vani-

245 2272 262 2298 7
287 2273 321 2306 T
325 2273 523 2308 cstimonia
545 2274 727 2319 leguntur
739 2274 839 2319 apud
851 2274 996 2310 Patres.
1039 2274 1128 2309 Um‘-
1270 2277 1348 2307 tate
1369 2273 1476 2318 p.12.
1523 2275 1580 2308 ed.
1606 2274 1694 2308 Joh.
1719 2275 1818 2308 Felli
1850 2275 1966 2310 Oxou.
1997 2276 2099 2312 1682.

293 2343 417 2388 cuique
452 2344 559 2378 etiam
582 2345 775 2388 provz‘ncz'ae
805 2349 842 2378 et
873 2344 1014 2379 civitati
1044 2355 1129 2378 snus
1269 2343 1355 2377 Huc
1397 2344 1535 2377 scillcet
1570 2344 1710 2378 ratione
1749 2346 1905 2379 Romani
1947 2348 2104 2382 Caesares

293 2412 389 2446 Deus
415 2416 489 2452 cst,
524 2439 534 2449 .
559 2439 567 2447 .
593 2438 601 2447 .
623 2439 633 2448 .
675 2417 716 2447 ut
739 2414 982 2448 Mauretania?
1008 2414 1132 2459 reguli
1273 2417 1569 2446 consecraverunt
1588 2438 1599 2453 ‚
1640 2418 1675 2447 et
1706 2415 1833 2448 Mauri
1864 2427 1970 2461 reges
2007 2428 2097 2451 suos.

291 2481 359 2515 sui.
419 2481 582 2514 Tertull.
608 2481 717 2525 Apol.
736 2482 834 2517 c.24.
874 2483 969 2516 Juba
985 2484 1130 2517 Mauris
1269 2480 1428 2516 Laetam
1450 2483 1479 2516 I.
1509 2495 1540 2519 c.
1570 2484 1628 2519 15.
1664 2485 1720 2518 De
1743 2485 1844 2518 Juba
1865 2485 1946 2518 eod.
1969 2477 2102 2529 capite.

290 2549 485 2584 volentibus
509 2551 606 2583 Deus
634 2555 697 2584 est.
747 2551 889 2586 Minue.
918 2551 1041 2593 Felix,
1069 2552 1128 2587 ed.
1224 2550 1242 2578 8
1266 2551 1419 2595 Apuloji
1452 2552 1637 2598 Apologia
1656 2579 1668 2597 ,
1718 2555 1756 2588 111
1798 2553 1974 2597 operibus
1994 2579 2004 2595 ,
2041 2556 2097 2588 cd.

293 2619 447 2653 Ouzclii
474 2630 508 2662 p.
530 2619 609 2653 214.
663 2620 789 2653 Mauri
810 2622 1003 2664 manifeste
1025 2632 1131 2668 reges
1272 2620 1546 2657 Elmenhorstii
1574 2635 1608 2668 p.
1628 2622 1709 2660 310.

291 2689 440 2728 colunt,
475 2699 541 2721 nec
577 2688 652 2721 ullo
679 2689 876 2723 velamento
912 2691 976 2724 hoc
1007 2702 1132 2725 nomen
