2341 3340
1048 137 1114 183 37

127 274 399 317 Muratorium
429 274 627 315 Thesaur.
654 273 777 313 Inscr.
801 272 918 312 Tom.
943 272 1013 312 111.
1044 286 1083 326 p.
1107 274 1230 315 1668.
1257 275 1297 314 6.
1326 275 1398 322 ubi
1428 289 1616 319 mvsa-vs
1651 292 1877 322 AN'romAE
1909 293 2035 323 nuvsi

127 352 302 396 libertus
331 367 400 394 1vs
432 366 539 395 ΕΜῙΤ
568 363 741 392 nevum
773 363 1039 391 cHRES'rIANI
1078 351 1327 393 orrarumll.

310 434 632 473 Christianorum
665 430 733 469 illa
756 431 941 483 sepulcra
971 430 1163 483 Cypriani
1190 436 1309 472 aetate
1340 435 1494 474 visitari
1524 436 1641 476 solita
1672 436 1812 486 fuisse,
1844 438 2034 479 discimus

129 526 181 554 ex
209 513 355 553 Pontio
388 511 474 562 ejus
505 509 685 548 Diacono
716 512 757 548 et
788 509 1044 561 biograp1103
1088 513 1130 549 et
1162 511 1414 561 procedente
1447 517 1566 553 aetate
1595 516 1839 569 Martyria,
1881 516 2037 557 Latinis
2070 555 2073 559 ,

129 592 354 633 Memorioe
402 588 531 636 dicta,
583 587 699 626 obvia
733 587 860 627 fuisse
897 589 941 627 in
974 589 1103 640 agris,
1149 589 1397 642 Augustinus
1432 592 1650 643 perhibet,
1692 592 1745 632 de
1781 594 1889 633 civit.
1961 594 2038 634 Dei

128 667 257 710 XXII.
284 668 325 706 8.
354 667 471 706 sicut,
488 679 647 717 quoque
669 665 833 722 Canon.
858 666 924 706 14.
961 666 1136 706 Consilii
1157 667 1194 708 V
1217 667 1575 722 Carthaginiensis,
1605 671 1673 722 qui
1702 678 1897 713 evertere
1918 672 2039 725 jubet

131 747 297 787 altaria
325 747 489 800 passim
516 760 599 799 per
624 759 756 799 agros
786 752 864 785 aab
898 748 992 786 vias
1020 747 1276 795 constituta,
1311 750 1357 788 in
1391 750 1539 803 quibas
1569 750 1738 789 nullum
1772 764 1929 805 corpas
1960 757 2038 792 aut

126 825 310 878 reliquia
330 825 579 877 Martyrum
607 824 782 864 condita
808 824 1068 878 probantur.
1127 824 1273 876 Neque
1299 826 1471 867 defuere
1493 829 1537 868 in
1559 828 1747 877 urbibus3
1785 828 2039 868 habebantur

121 902 300 942 'maxime
333 902 605 954 Carthagine,
643 902 714 941 ubi
746 915 905 953 quoque
941 902 1144 945 Memoria
1185 903 1405 958 Cypriani:
1453 919 1543 959 quae
1578 918 1675 947 vero
1718 907 1870 956 omnia,
1916 919 2038 958 quum

127 982 210 1022 sint
239 981 512 1035 posteriorum
541 984 790 1033 temporum,
825 982 947 1022 missa
975 982 1161 1024 facimus.

811 1312 1033 1371 GAP.
1117 1311 1352 1372 VIII.

196 1412 566 1455 ADUMBRATIO
623 1410 835 1451 PRISCAE
893 1413 1256 1455 HIERARCHIAE
1314 1413 1598 1455 ECCLESIAE
1656 1414 1966 1458 AFRICANAE.

554 1492 586 1531 I.
643 1491 917 1532 LIBERTAS
972 1493 1258 1533 ECCLESIAE
1316 1493 1626 1534 AFRICANAE.

129 1664 170 1703 1.
225 1630 537 1702 Tertullianus
552 1663 732 1704 nondum
756 1665 867 1704 illam
895 1665 998 1703 fovit
1019 1666 1273 1713 sententiam,
1302 1677 1421 1715 quam
1436 1665 1584 1705 deinde
1600 1665 1824 1718 Cyprianus
1838 1668 2044 1720 amplexus

133 1745 196 1781 est
233 1754 383 1793 suaque
414 1743 653 1780 auctoritate
686 1742 984 1781 commendavit
1017 1742 1299 1793 firmavitque,
1334 1745 1548 1784 unitatem
1574 1746 1788 1786 Ecclesioe
1816 1752 2044 1788 externam

131 1821 178 1859 iri
209 1826 394 1859 externa
426 1833 522 1859 cam
552 1820 704 1858 iisdem
726 1821 958 1872 Episcopis
988 1821 1238 1865 consistere,
1267 1833 1392 1872 quam
1410 1821 1657 1875 Episcopus
1685 1825 1744 1864 sit
1775 1827 1821 1864 in
1840 1827 2042 1867 Ecclesia

131 1899 386 1939 etEcclesia
405 1892 459 1938 'in
479 1898 713 1951 Episcopo,
745 1898 824 1944 ita,
855 1901 905 1937 ut
936 1898 1011 1950 qai
1037 1909 1125 1936 non
1155 1897 1310 1937 haheat
1330 1911 1423 1938 cum
1435 1899 1655 1954 Episcopo
1687 1906 2042 1954 communionem,

131 1990 268 2031 neque
298 1977 453 2016 habeat
484 1990 577 2016 cam
601 1976 802 2015 Ecclesia
835 1973 933 2028 (Ep.
965 1975 1032 2015 66.
1060 1988 1099 2026 p.
1124 1971 1240 2027 163.)
1308 1975 1583 2017 Tertullianus
1611 1991 1709 2018 vero
1739 1980 1790 2019 de
1818 1994 2044 2035 monogam.

132 2067 168 2094 c.
196 2055 237 2094 ¹7.
285 2056 556 2095 Christianos
592 2055 841 2094 sacerdotes
876 2068 967 2094 esse
1008 2068 1034 2094 a
1065 2055 1158 2095 Deo
1183 2060 1372 2102 vocatos,
1404 2057 1579 2106 asserit,
1620 2062 1662 2098 et
1687 2062 1925 2113 pristinam
1960 2062 2049 2102 Dei

134 2135 271 2187 legem
295 2148 366 2174 eos
396 2139 503 2173 tune
532 2134 577 2171 in
601 2134 693 2172 sais
719 2133 1014 2173 sacerdotibus
1037 2134 1338 2187 prophetasse,
1368 2135 1410 2172 h.
1426 2146 1461 2173 e.
1492 2134 1774 2176 Sacerdotium
1801 2139 2045 2190 particulare

133 2207 344 2251 Judaieum
374 2215 515 2264 typum
541 2224 629 2251 esse
658 2210 876 2251 sacerdotii
912 2211 1132 2250 Christiani
1168 2212 1405 2251 universalis
1426 2212 1455 2251 1.
1520 2213 1580 2253 Ita
1612 2228 1773 2267 quoque
1807 2216 1859 2255 de
1887 2218 2045 2257 exhort.

159 2363 192 2391 11
218 2365 286 2397 Jus
308 2364 480 2399 Olim-um
504 2365 541 2399 in
561 2366 874 2411 Inscriptionibus
899 2378 1064 2401 comme-
1205 2369 1283 2402 Jos.
1307 2369 1438 2412 Cajot,
1466 2348 1735 2406 Benedictinuws
1750 2398 1760 2414 ,
1785 2372 1824 2406 in
1845 2374 1964 2409 libro:
1988 2376 2044 2409 les

230 2436 410 2467 moratur.
459 2435 586 2477 Hujus
613 2436 763 2481 generis
794 2437 886 2471 duas
914 2437 978 2470 aeri
1006 2436 1064 2471 iu-
1206 2438 1406 2482 antiquitt-s
1431 2439 1476 2472 (le
1496 2439 1597 2473 Metz
1623 2440 1742 2483 (Metz
1762 2442 1884 2489 1760.)
1907 2456 1942 2488 p.
1963 2444 2042 2479 113.

231 2501 323 2536 cisas
350 2501 505 2536 exhibet
529 2504 729 2540 Bai-baud:
758 2507 917 2540 Recueil
941 2508 985 2540 dc
1007 2507 1065 2540 ‹li-
1159 2514 1176 2541 1
1202 2508 1367 2542 Neandri
1383 2508 1771 2555 Denkwiirdigkeiten
1798 2523 1863 2546 aus
1890 2513 1957 2547 der
1970 2514 2043 2548 Ge-

228 2583 314 2605 vcrs
346 2571 586 2606 Monuments
619 2574 766 2609 anciens
798 2577 985 2621 repandus
1020 2588 1066 2611 en
1209 2577 1378 2611 sehichte
1414 2578 1478 2611 des
1508 2571 1816 2614 Cliristenthums
1860 2583 1934 2615 und
1979 2582 2042 2616 des

227 2639 417 2686 plusieurs
461 2641 627 2675 endroits
661 2644 706 2676 de
744 2645 884 2678 l'Italie
914 2645 1066 2689 (Romae
1209 2646 1465 2681 Christlichen
1479 2648 1638 2683 Lebens.
1658 2650 1688 2683 1.
1703 2649 2042 2687 innissertationez

227 2709 350 2754 1770.)
374 2709 439 2745 fol.
468 2722 504 2756 p.
522 2711 578 2745 24.
605 2711 661 2746 Pl.
682 2711 738 2746 28.
774 2713 899 2748 Aliam
924 2715 988 2749 (lat
1019 2716 1064 2748 D.
1210 2717 1274 2749 (las
1301 2716 1532 2751 Christiiche
1556 2717 1682 2752 Leben
1712 2719 1780 2753 der
1809 2719 1891 2754 drei
1921 2725 2041 2755 ersten
