2341 3340
1189 84 1288 132 168

274 212 439 279 bantur,
475 229 695 270 refer-enda
731 230 852 269 etiam
884 233 980 269 suut
1008 230 1395 270 Sarmentitiornm
1426 234 1468 270 et
1496 231 1796 272 Semaxioram
1831 232 1901 271 illa
1933 231 2194 281 (Tertulliani

274 312 446 364 Apolog.
484 323 518 349 c.
549 306 641 362 50.)
701 309 942 349 Christianis
978 309 1092 360 quasi
1133 322 1232 361 rogo
1274 310 1531 361 imponendis
1574 311 1883 362 cremandisque
1920 311 2025 351 data.
2091 312 2196 354 Odia

271 405 395 446 porro
409 392 631 443 loquuntur
653 390 852 429 clamores
870 390 1020 442 plebis:
1054 388 1363 431 adleonemlss!
1395 391 1495 431 Inde
1518 403 1680 444 quoque
1697 390 1892 438 convicia,
1925 392 2196 432 Christianos

272 486 364 513 esse
392 473 749 512 sceleratissimos
778 471 831 511 de
860 475 1135 510 sacramento
1169 471 1445 522 infanticidii
1470 477 1512 512 et
1539 472 1697 526 pabulo
1720 470 1869 511 emdae
1893 476 1936 510 et
1961 476 2060 524 post
2094 484 2194 511 con-

273 552 436 592 vivium
469 553 646 598 incesto,
681 551 797 605 qaod
823 564 1045 591 eversores
1079 551 1293 599 laminam
1322 563 1465 597 canes,
1500 552 1679 591 lenones
1705 551 1882 597 seilicet,
1918 549 2196 589 tenebrarum

272 636 316 670 et
346 630 570 670 libidinum
605 632 837 684 impiarum
874 629 1190 670 inverecundia
1214 635 1454 683 procurent
1471 627 1518 667 19.
1591 630 1691 680 Quae
1724 628 1890 680 quidem
1924 627 2077 675 omnia,
2121 639 2195 677 per

269 709 501 748 universum
523 710 664 751 orbem
686 710 912 749 Romanum
938 721 1089 761 sparsa,
1121 708 1231 748 haud
1251 708 1463 747 miraberis
1486 707 1529 747 in
1545 707 1728 747 Africam
1753 719 1916 762 quoque
1947 708 2195 758 penetrasse.

273 786 424 828 Verum
463 790 631 838 nescio,
677 794 812 828 utrum
844 792 1095 828 contemtum
1125 788 1259 840 potius
1291 801 1342 826 an
1369 787 1690 840 indignationem
1718 788 1891 824 moturae
1924 787 2005 825 sint
2037 784 2194 825 eaedem

269 867 334 906 hae
364 868 591 914 calumniae,
620 868 690 905 ubi
720 879 802 904 non
832 881 854 905 a
884 869 1107 919 plebecula,
1139 867 1210 905 sed
1228 868 1276 906 ab
1296 868 1463 906 immine
1490 865 1750 919 philosoph0‚
1780 864 1955 912 erudito,
1989 867 2196 904 oratorum

269 956 353 985 suae
394 946 523 983 aetatis
562 945 773 996 principe,
816 944 1056 993 Consnlari,
1102 944 1350 983 M.‘Aurelii
1385 945 1645 996 Imperatoris
1678 948 1954 996 praeceptore,
1992 945 2194 985 Cornelio

265 1023 427 1073 inquam
456 1026 699 1070 Frontone,
732 1024 846 1076 cujus
877 1037 1046 1076 operum
1076 1023 1302 1075 fragmenta
1336 1036 1466 1076 nuper
1497 1024 1547 1063 ab
1582 1025 1739 1077 Angelo
1762 1024 1889 1078 Majo,
1922 1024 2196 1065 Bibliothecae

265 1101 472 1143 Vaticanae
501 1103 709 1143 Praefecto
740 1103 1031 1151 eruditissimo,
1063 1115 1112 1142 ex
1138 1103 1406 1155 palimpsestis
1439 1102 1819 1142 Mediolanensibus
1850 1106 1972 1154 atque
1997 1103 2194 1145 Romanis

265 1186 380 1222 eruta
420 1186 531 1231 sunt,
579 1184 756 1236 repetita
795 1183 1060 1223 inveniamus.
1136 1182 1217 1223 Hic
1264 1184 1373 1222 enim
1414 1182 1457 1222 in
1488 1182 1720 1235 fragmento
1766 1196 1789 1222 a
1823 1182 2010 1222 Minucio
2050 1183 2193 1225 Felice

267 1266 426 1301 servato
459 1260 496 1289 2⁰
519 1291 532 1311 ‚
591 1266 700 1302 teste
756 1263 1051 1302 interlocutore
1104 1261 1274 1302 Octavio
1299 1291 1310 1309 ‚
1371 1264 1611 1303 convicium
1676 1269 1727 1304 nt
1780 1269 1933 1303 orator
1990 1266 2192 1318 aspersit.

265 1339 337 1380 Sic
380 1354 478 1380 vero
527 1345 674 1381 narrat.
755 1343 828 1383 Ad
876 1343 1030 1396 epulas
1079 1343 1266 1382 solemni
1308 1342 1379 1381 die
1428 1348 1588 1382 coeunt
1636 1356 1729 1382 cam
1782 1342 1979 1383 omnibus
2024 1343 2191 1393 liberie,

264 1421 497 1468 sororibus,
531 1422 744 1462 matribus
771 1435 902 1462 sescus
933 1423 1072 1462 omnis
1104 1422 1296 1461 homines
1323 1427 1366 1461 et
1397 1423 1536 1461 omnis
1559 1423 1721 1461 celatis.
1780 1422 1879 1461 Illic
1896 1429 2000 1476 post
2028 1425 2193 1466 multas

265 1502 441 1553 epulas,
482 1500 557 1539 ubi
586 1502 834 1540 convivium
870 1501 1026 1547 caluit,
1068 1505 1111 1540 et
1140 1501 1320 1539 incestae
1354 1500 1545 1540 libidinis
1577 1501 1789 1541 ebrietate
1809 1503 1973 1553 fervor
2006 1505 2190 1552 exarsit,

266 1580 415 1626 oanis,
463 1580 537 1633 qni
574 1577 835 1620 candelabro
876 1592 1014 1619 nemas
1054 1584 1142 1626 est,
1175 1579 1305 1632 jacta
1338 1579 1485 1634 offaloe
1521 1579 1643 1619 altra
1679 1581 1871 1634 spatium
1909 1581 2069 1631 lineoe,
2109 1599 2191 1639 qua

265 1658 439 1698 vinctas
481 1663 576 1706 est,
620 1658 680 1698 ad
719 1660 930 1712 impetam
967 1665 1011 1699 et
1049 1659 1212 1698 saltam
1248 1663 1530 1712 provocatur.
1603 1658 1677 1699 Sic
1720 1672 1869 1700 everso
1906 1665 1950 1700 et
1993 1664 2190 1705 extincto

264 1739 431 1777 conscio
459 1739 634 1785 lamine,
674 1738 1001 1792 impudentibus
1032 1738 1223 1778 tenebris
1253 1751 1390 1778 nexas
1431 1737 1634 1789 infandae
1665 1738 1923 1793 cupiditatis
1957 1742 2191 1784 involvant

262 1829 343 1869 per
374 1817 588 1857 incertam
625 1819 789 1858 sortis:
842 1824 909 1865 et,
948 1809 1116 1857 sinon
1152 1830 1299 1857 omnes
1329 1830 1486 1871 opera,
1532 1820 1801 1860 conscientia
1838 1825 1986 1860 tamen
2014 1822 2188 1875 pariter

264 1896 423 1935 incesti
436 1909 453 1942 ,·
499 1898 704 1949 qnoniam
735 1901 834 1936 voto
867 1897 1172 1936 universorum
1202 1898 1445 1952 appetitur,
1486 1897 1696 1951 quidquid
1727 1897 1926 1938 accidere
1961 1905 2108 1952 potest
2141 1901 2187 1940 in

262 1979 363 2014 acta
390 1976 679 2029 singulorum.
739 1973 827 2015 Nec
862 1975 982 2014 aliter
1009 1975 1230 2016 Frontonis
1260 1976 1428 2027 aequalis
1466 1978 1588 2027 atque
1624 1976 1830 2028 popularis
1859 1975 2078 2029 Apuleius,
2119 1979 2187 2029 qui

263 2051 664 2105 Metamorphosewv
713 2053 761 2094 L.
797 2053 869 2094 IX.
917 2054 1011 2094 loco
1055 2056 1247 2106 sequenti
1292 2056 1426 2108 capite
1470 2055 1713 2103 afferendo,
1774 2055 2013 2103 mulierem,
2069 2068 2186 2108 quam

260 2131 532 2171 Christianam
557 2133 717 2186 fingere
744 2132 919 2181 videtur,
949 2127 1019 2182 ait,
1050 2147 1197 2175 omnes
1224 2135 1417 2175 homines
1434 2137 1675 2188 fallentem
1697 2139 1741 2174 et
1756 2135 1962 2174 miserum
1979 2137 2186 2178 maritam

263 2213 570 2264 decipientem,
607 2241 736 2253 ......
771 2204 977 2253 continno
1009 2218 1167 2267 stupro
1203 2227 1359 2268 corpas
1398 2215 1664 2268 mancipare.
1724 2211 1877 2269 Verum
1908 2213 2047 2253 mirari
2075 2213 2185 2254 haud

351 2369 450 2404 Tab.
476 2367 534 2404 30.
587 2373 626 2403 et
673 2368 870 2403 Holstenii
916 2368 1097 2413 Epistolae
1145 2370 1193 2404 ad
1265 2368 1300 2397 18
1324 2369 1488 2403 Tertull.
1512 2368 1672 2413 Apolog.
1695 2379 1725 2402 c.
1747 2368 1802 2401 14.
1830 2367 1863 2401 si
1877 2369 2014 2411 samse,
2040 2369 2074 2402 si
2093 2368 2179 2409 lues,

353 2439 524 2473 diversos
563 2439 621 2472 etl.
658 2439 718 2473 Jo.
757 2439 892 2473 Franc.
935 2438 1193 2472 Boissonnade
1334 2439 1458 2474 statim
1482 2438 1707 2473 Christianos
1735 2438 1785 2471 ad
1814 2438 1974 2472 leonem!

352 2508 474 2543 Paris·
492 2507 598 2543 181⁷·
626 2520 660 2553 P·
682 2508 761 2542 1⁷3·
791 2509 856 2554 qni
880 2507 1024 2552 Primus
1051 2508 1193 2542 hancce
1265 2531 1299 2560 1⁰
1324 2531 1431 2576 Apol.
1460 2543 1490 2566 e.
1512 2531 1546 2566 7.
1572 2531 1685 2576 paulo
1710 2530 1867 2567 uberius
1891 2531 1939 2566 ad
1958 2530 2135 2566 Nationes
2147 2530 2176 2566 Ι.

352 2588 547 2625 gemmam
579 2589 646 2623 pro
667 2582 873 2614 scommate
896 2577 934 2612 in
956 2577 1193 2613 Christianos
1336 2614 1366 2636 c·
1387 2600 1444 2636 16·

351 2647 522 2695 agnovit.
1449 2686 1474 2695 ..

1262 2685 1299 2715 ²⁰
1325 2685 1476 2722 Octavii
1503 2699 1534 2722 c.
1555 2685 1589 2723 9.
