2341 3340
1055 178 1150 222 171

148 325 262 362 turus
290 323 349 362 ibi
380 323 526 362 fuisset
555 320 723 374 Scapula
753 315 896 375 (ibid.)
954 317 1068 358 Idem
1097 331 1220 371 porro
1251 323 1432 370 testatur,
1464 324 1724 364 Christianis
1755 327 1915 366 multos
1945 339 2063 381 prae-

146 402 289 440 sulum
329 403 566 442 Gentilium
599 401 892 439 benevoluz'sse
937 396 1009 450 (ad
1050 397 1167 450 Scap.
1198 411 1233 436 c.
1262 399 1320 448 4.)
1380 402 1560 441 ZVuIIam
1593 404 1858 456 principem,
1891 412 2062 460 praeter

147 479 367 520 Neronem
400 486 442 519 et
458 479 770 523 Domitianum,
802 491 931 529 usqne
960 477 1020 516 ad
1046 477 1303 517 hodiernum
1333 475 1573 531 (Severum)
1608 482 1882 522 Christianos
1910 498 2061 537 perse—

146 563 295 597 cutum
318 558 465 608 fuisse
496 553 691 608 (Apolog.
721 568 756 594 c.
787 551 850 607 5.)
884 569 1034 608 eosque
1065 569 1283 609 nunqnam
1317 558 1519 596 inventos
1543 560 1688 608 fuisse
1719 560 1947 601 seditiosos
1983 570 2062 603 ant

145 637 392 674 contrarios
442 635 776 688 magistratibus
796 663 807 681 ‚
864 647 1081 687 nunquam
1138 636 1456 687 Nigrim’anos,
1511 648 1590 673 nec
1635 637 1890 679 Albim‘anos
1909 667 1922 686 ,
1978 655 2059 682 nec

145 712 402 752 Cassiano-3²
435 711 507 768 (ad
529 712 646 765 Scap.
661 726 696 752 c.
710 709 786 764 2.).
843 711 906 750 Ex
936 712 1000 750 his
1033 712 1313 763 similibusque
1343 725 1436 751 cum
1465 713 1766 765 magistratuum
1785 714 2058 759 Romanorum

144 793 229 828 tum
256 790 580 831 Christianorum
617 804 777 844 quoque
806 791 1013 838 laudibus,
1055 803 1222 841 quarum
1255 792 1399 842 plenus
1429 795 1491 830 est
1522 791 1820 841 Tertffliiunns,
1867 796 2061 848 colligere

143 866 232 916 fas,
281 869 426 913 horum
457 875 603 913 statum
641 869 1070 919 atqueconditionem
1103 883 1126 908 a
1161 869 1294 919 Nerva
1335 870 1432 908 inde
1471 883 1600 920 usque
1643 870 1695 909 ad
1732 870 1928 912 Severum
1964 875 2060 914 satis

142 946 271 988 fuisse
297 953 503 1000 pacatum,
543 953 588 988 ut
617 962 690 1001 per
718 950 950 987 universum
986 947 1139 987 Orbem
1169 948 1417 995 Romanum,
1455 949 1510 987 ita
1534 960 1694 1000 quoque
1724 950 1765 988 in
1796 952 1948 992 Africa.

320 1026 360 1065 2.
418 1028 478 1067 De
506 1028 629 1067 rebus
660 1041 755 1066 vero
789 1026 1124 1068 Christianorum
1142 1027 1183 1066 in
1211 1027 1289 1065 hac
1321 1028 1525 1078 provincia
1552 1043 1682 1081 usque
1709 1030 1758 1069 ad
1789 1032 2058 1085 principatum

142 1102 284 1145 Severi
317 1101 486 1146 historia
529 1120 655 1159 pauca
697 1107 916 1147 admodum
951 1106 1132 1158 reliquit.
1201 1105 1497 1146 Tertullianum
1535 1108 1626 1147 fere
1658 1110 1822 1149 unicum
1861 1111 2057 1151 habemus

141 1187 313 1233 testem,
360 1187 429 1237 qui
465 1186 516 1226 de
550 1187 608 1224 cis
646 1190 739 1225 ante
778 1187 883 1226 lianc
920 1189 1080 1225 aetatem
1111 1186 1304 1224 nonnulla
1343 1187 1492 1236 passim
1529 1187 1669 1235 tradit,
1717 1201 1806 1239 quae
1841 1191 1924 1228 suis
1955 1191 2057 1231 locis

141 1265 430 1303 annotavimus.
512 1264 574 1304 De
618 1265 758 1304 Africa
807 1277 970 1315 quoque
1026 1263 1216 1302 valebunt
1268 1275 1358 1313 quae
1401 1263 1574 1316 Apolog.
1613 1278 1649 1303 c.
1677 1265 1717 1304 5.
1765 1267 1952 1306 universe
2004 1269 2057 1309 de

140 1341 285 1382 Marco
326 1344 493 1384 Aurelio
534 1345 809 1397 Imperatore,
860 1341 1103 1380 Christianis
1147 1353 1244 1379 sane
1282 1340 1390 1380 haud
1434 1342 1595 1381 infenso
1612 1344 1652 1391 3,
1704 1345 1872 1384 scribit:
1930 1348 2058 1390 Sicut

140 1421 203 1461 M.
222 1424 429 1465 Aurelius
462 1438 549 1464 non
576 1425 727 1479 palam
755 1423 805 1462 ab
839 1420 1051 1474 ejusmodi
1078 1421 1316 1461 hominibus
1337 1418 1623 1475 (Christianis)
1651 1437 1837 1477 poenam
1860 1426 2054 1476 dimovit,

140 1501 205 1539 ita
236 1502 322 1541 alio
359 1504 483 1543 modo
520 1505 670 1557 palam
710 1501 945 1555 dispersit,
994 1499 1169 1551 adjecta
1206 1501 1339 1539 etiam
1380 1502 1706 1542 accusatoribus
1749 1504 2053 1556 damnatione,

140 1584 182 1617 et
228 1581 394 1632 quidem
438 1584 635 1622 tetriore.
722 1580 876 1619 Ultima
924 1577 1090 1630 quidem
1135 1577 1258 1616 verba
1300 1578 1343 1617 in
1395 1580 1593 1630 rescripto
1632 1580 1792 1629 Marci,
1849 1584 1957 1633 quod
2005 1599 2055 1626 ex

138 1656 341 1697 Melitone
393 1661 587 1700 Historiae
630 1673 715 1699 suae
762 1658 1063 1698 Ecclesiasticae
1111 1656 1283 1696 inseruit
1328 1657 1531 1697 Eusebius
1578 1658 1625 1697 L.
1668 1658 1734 1699 1V.
1775 1673 1812 1699 c.
1840 1662 1905 1701 18.
1945 1663 2054 1705 haud

139 1736 350 1789 leguntur:
384 1744 560 1779 attamen
590 1739 714 1778 habet
744 1737 888 1776 verba:
929 1737 1101 1776 delator
1131 1740 1278 1775 autem
1312 1737 1403 1789 ipse
1430 1750 1597 1790 poenas
1626 1739 1732 1778 laat.
1791 1739 1847 1778 Et
1877 1741 2053 1783 fortasse

232 1893 371 1928 amissa
401 1895 515 1930 etiam
549 1895 658 1930 bonis
696 1895 888 1940 spoliare,
934 1897 992 1935 et,
1036 1891 1068 1926 si
1161 1890 1180 1918 3
1212 1892 1422 1927 Videantm·
1463 1902 1544 1936 quae
1592 1893 1665 1927 hoc
1721 1894 1766 1927 de
1824 1902 2050 1942 argumento

233 1964 393 1999 ademtis
438 1966 684 2000 facultatibus
735 1963 944 1999 Christiani
988 1974 1068 1996 esse
1210 1961 1361 2006 scripsit
1393 1962 1628 2005 Kestnems,
1668 1964 1889 2011 Theologus
1928 1979 2050 2012 nuper

233 2035 571 2077 perseveraverint,
604 2035 725 2080 capite
746 2045 892 2080 quoque
913 2032 1068 2067 multari
1209 2031 1410 2073 JemensiS‚
1447 2031 1486 2065 in
1516 2032 1616 2067 libro
1647 2034 1709 2067 cui
1741 2034 1873 2070 titulus
1896 2037 2046 2082 Agape3

229 2101 352 2144 jussit.
388 2105 494 2137 Idem
516 2105 692 2149 praeccpit
713 2105 757 2138 de
776 2103 941 2148 egregiis
960 2103 1067 2144 viris,
1209 2101 1277 2134 ubi
1315 2101 1480 2134 studiose
1515 2103 1703 2148 congessit
1732 2117 1962 2150 quaecunque
1999 2109 2048 2142 ad

216 2172 423 2215 «equitibus
442 2174 624 2207 Romanis
647 2173 800 2218 (copula
822 2173 922 2206 enim
947 2177 981 2206 et
1009 2172 1067 2206 in-

234 2244 292 2275 ter
321 2243 390 2275 υῐνῖ
419 2247 455 2277 et
490 2244 624 2287 equites
656 2242 777 2287 posita
819 2243 978 2276 delenda
1012 2243 1068 2276 est

233 2311 281 2344 cf.
294 2311 459 2347 Neandri
477 2313 682 2358 Kircheng.
707 2313 847 2356 1214.)
874 2312 1067 2345 Matronae

235 2385 364 2415 autem
386 2382 544 2417 ademtis
573 2383 682 2417 bonis
710 2382 748 2416 in
779 2381 938 2416 exitium
968 2382 1066 2416 rele-

232 2450 317 2496 gari
339 2450 464 2493 jussit.

185 2537 204 2565 ²
228 2535 303 2580 Qui
324 2536 460 2571 Avidio
486 2535 626 2578 Cassio,
653 2539 781 2571 contra
801 2536 975 2570 Marcum
989 2535 1065 2569 Au-

232 2605 369 2639 relium
390 2606 614 2640 seditionem
633 2607 811 2648 moventi,
830 2606 1065 2640 autPescen-

233 2675 295 2710 nio
327 2676 469 2721 Nigro,
502 2675 708 2719 Glodioque
741 2676 888 2718 Albino,
921 2676 1066 2710 aemulis

231 2743 364 2779 Severi
385 2746 432 2780 ab
463 2757 580 2791 eaque
603 2745 751 2788 deletis,
778 2745 1015 2781 adhaeserint.

1210 2171 1437 2204 illustranda
1447 2170 1569 2205 Marci
1589 2173 1634 2205 de
1662 2173 1890 2209 Christianis
1900 2176 2048 2218 ,iudicia

1209 2232 1365 2275 faciunt.
1426 2240 1614 2283 Equidem
1658 2253 1746 2276 sane
1790 2245 2046 2289 hypotheses,

1210 2310 1347 2354 quibus
1369 2310 1534 2344 refertus
1559 2315 1614 2345 est
1641 2312 1705 2346 hic
1739 2313 1859 2356 liber,
1888 2315 2045 2351 minime

1210 2380 1419 2424 amplector
1437 2405 1448 2422 9
1500 2392 1636 2416 verum
1684 2382 1805 2416 multa
1851 2383 2046 2429 ingeniose

1210 2450 1410 2483 observata
1450 2461 1529 2484 esse
1569 2463 1725 2495 censeo,
1771 2457 1809 2487 et
1843 2455 2045 2497 nonnulla,

1207 2519 1381 2564 inprimis
1415 2520 1513 2563 quod
1537 2520 1643 2555 varia
1665 2521 1804 2567 scripta
1835 2524 1970 2558 attinet
1997 2524 2045 2558 ab

1208 2590 1384 2624 omnibus
1410 2591 1492 2623 fere
1514 2590 1667 2624 Criticis
1691 2594 1905 2636 reprobata,
1931 2593 2047 2638 digna

1210 2671 1303 2700 esse,
1331 2671 1410 2703 quae
1435 2659 1473 2692 in
1495 2661 1708 2696 accuratius
1735 2673 1892 2696 examen
1923 2663 2044 2697 denuo

1208 2733 1445 2764 revocentur.
