2341 3340
1031 137 1132 183 1⁹77

125 280 330 321 subituros
362 293 451 320 esse
482 283 701 333 exspectat.
757 279 925 320 Bonum
953 290 1163 331 agonem,
1210 277 1342 328 inquit
1370 292 1403 318 c.
1431 279 1470 318 3.
1498 281 1685 322 subituri
1712 284 1837 332 estis,
1874 285 1922 324 in
1951 297 2029 337 quo

128 360 427 413 Agonothetes
467 360 589 401 Deus
625 359 744 398 vivus
780 363 866 402 est,
902 383 1029 396 .....
1062 369 1223 396 corona
1262 360 1549 407 ceter-nitatis,
1592 361 1784 400 brabium
1817 364 2029 415 angelicoe

123 438 380 478 substanciae
418 440 496 476 etc.
564 437 715 489 Itaque
754 435 986 488 Epistates
1031 441 1175 474 vester
1216 435 1344 474 Jesus
1395 436 1593 477 Christus
1770 441 1912 479 valuit
1952 453 2028 480 vos

123 522 228 556 ante
257 517 369 556 diem
397 515 552 568 agonis
583 513 642 554 ad
671 513 891 553 duriorem
921 514 1230 553 tractationem
1260 526 1286 552 a
1310 513 1510 553 liberiore
1533 516 1780 556 conditione
1803 530 2026 571 seponere,

123 600 174 633 ut
202 595 316 634 vires
344 592 734 633 corroborarentur
764 593 810 631 in
843 592 971 632 vobis.
1031 591 1078 630 In
1109 590 1189 630 hoc
1218 603 1313 630 vero
1345 602 1510 630 carcere
1543 591 1681 632 durius
1703 594 1863 633 habitos
1886 594 2026 641 fuisse,

122 670 306 709 indicant
334 671 457 709 verba
485 683 522 709 c.
550 669 590 709 2.
646 671 726 712 ,Nil
762 684 859 710 cras
891 671 1027 710 sentit
1061 672 1108 709 in
1147 683 1304 717 nervo,
1348 684 1472 723 quum
1513 684 1666 710 manus
1701 673 1746 710 in
1785 675 1900 713 coelo
1945 682 2023 714 est.

120 746 190 787 Sic
232 760 393 800 quoque
436 748 489 788 de
533 749 722 790 tenebris
758 748 963 798 loquitur,
1004 762 1114 802 quas
1148 749 1274 788 hahet
1310 761 1487 788 carcere
1529 746 1682 801 (ibid.)
1757 748 1887 787 Nemo
1929 763 2026 790 vero

117 826 328 877 hucusque
368 827 508 878 capitis
557 830 723 878 propter
762 827 1004 878 religionem
1043 826 1316 866 damnabatur.
1386 825 1585 879 Vigellius
1624 826 1733 865 enim
1774 816 2026 876 Saturninum,

117 905 188 956 qui
214 903 548 944 Proconsulatum
584 905 685 944 adiit
710 917 819 943 anno
847 905 953 954 200,
994 905 1148 956 primus
1174 903 1355 957 gladium
1385 905 1428 944 in
1460 903 1712 944 Christianos
1742 905 1825 956 egit
1837 904 1888 944 2².

298 983 419 1034 Quod
453 995 550 1023 vero
585 983 636 1023 ad
668 982 931 1036 Magistratus
968 983 1174 1023 Romanos
1211 983 1373 1031 attinet,
1421 982 1487 1022 his
1523 983 1707 1034 inprimis
1751 996 1860 1024 curae
1894 985 2025 1026 fuisse

117 1060 302 1109 videtur,
346 1065 392 1101 ut
425 1061 678 1102 Christianos
710 1065 823 1102 metu
855 1065 1149 1114 tormentisque
1182 1062 1502 1114 compellerent,
1551 1074 1633 1101 non
1664 1062 1715 1101 ad
1741 1063 1952 1104 fatendum
1981 1078 2024 1104 se

117 1139 368 1180 Christianos
396 1153 498 1189 esse,
528 1141 602 1181 sed
629 1141 680 1181 ad
708 1140 932 1195 negandam
955 1142 1089 1193 potius
1103 1141 1412 1188 accusationem,
1443 1140 1732 1191 Christumque
1747 1142 2024 1194 abnegandum

116 1218 236 1269 eique
264 1219 600 1259 maledicendum.
679 1220 823 1270 Quoad
853 1219 953 1258 illud
986 1218 1283 1258 Tertullianum
1315 1219 1511 1258 habemus
1545 1221 1692 1256 testem
1721 1219 1891 1271 Apolog.
1921 1234 1955 1260 c.
1977 1221 2023 1260 2:

77 1317 79 1319 ·
116 1299 256 1349 Quum
283 1299 427 1351 igitur
455 1300 502 1338 in
547 1299 738 1339 omnibus
777 1312 856 1338 nos
898 1299 1030 1338 aliter
1071 1297 1303 1351 disponitis
1342 1310 1468 1350 quam
1507 1301 1674 1336 ceteros
1711 1305 1939 1346 nocentes,
1981 1301 2027 1339 id

115 1389 249 1416 unum
298 1377 626 1423 contendendo,
678 1381 727 1416 ut
764 1376 817 1415 de
858 1389 906 1416 eo
947 1377 1122 1416 nomine
1165 1375 1451 1415 excludamur
1489 1373 1792 1428 (excludemur
1837 1377 1952 1416 enim
1988 1380 2029 1417 si

102 1454 299 1505 facimus
329 1468 422 1508 qnae
439 1456 622 1506 faciunt
655 1469 742 1496 non
777 1455 1054 1505 Christiani),
1087 1455 1338 1507 intelligere
1360 1455 1547 1507 potestis
1574 1466 1662 1492 non
1691 1455 1828 1493 scelus
1852 1456 2028 1508 aliquod

115 1533 162 1571 in
195 1545 327 1572 causa
356 1546 447 1573 esse
477 1534 557 1573 sed
586 1547 756 1581 nomen,
785 1534 899 1587 quod
920 1533 1116 1587 quaedam
1145 1533 1261 1572 ratio
1289 1532 1448 1571 aemula
1479 1533 1747 1585 operationis
1766 1534 2023 1586 insequitur,

114 1610 192 1650 hoc
221 1612 412 1665 primum
442 1625 592 1664 agens,
630 1618 680 1651 ut
704 1613 897 1652 homines
925 1613 1070 1652 nolint
1098 1612 1212 1651 scire
1237 1623 1319 1667 pro
1350 1615 1493 1657 certo,
1539 1610 1651 1663 quod
1676 1623 1722 1650 se
1753 1612 1921 1651 nescire
1939 1626 2023 1666 pro

115 1695 232 1729 certo
270 1691 430 1729 sciunt.
494 1689 597 1729 Ideo
639 1696 681 1730 et
729 1690 916 1731 credunt
958 1690 1011 1731 de
1050 1690 1172 1730 nobis
1207 1680 1300 1742 quoe
1338 1701 1426 1728 non
1463 1688 1736 1742 probantur,
1784 1694 1829 1729 et
1868 1691 2023 1730 nolunt

115 1769 306 1821 inquiri,
354 1782 411 1808 ne
433 1769 643 1822 probetur
671 1782 758 1808 non
790 1783 904 1816 esse,
946 1783 1041 1823 quoe
1069 1770 1239 1809 malunt
1269 1767 1402 1813 credi,
1443 1772 1494 1805 ut
1521 1778 1676 1805 nomen
1705 1767 1823 1807 illius
1853 1769 2023 1808 aemulae

113 1848 302 1887 rationis
321 1848 557 1893 inimicum,
588 1859 675 1886 non
694 1847 891 1899 probatis
907 1847 1174 1893 criminibus,
1199 1846 1253 1885 de
1271 1859 1350 1885 sua
1373 1846 1465 1885 sola
1488 1845 1759 1896 confessione
1775 1845 2028 1886 damnetur„

114 1925 214 1965 Ideo
231 1931 481 1978 torquemur
495 1926 764 1978 confitentes,
790 1932 832 1966 et
845 1927 1058 1979 punimur
1067 1929 1418 1979 perseverantes,
1452 1929 1496 1963 et
1512 1923 1774 1963 absolvimur
1794 1929 2021 1976 negantes,

112 2006 212 2057 quia
245 2005 431 2042 nominis
453 2005 660 2056 praelium
689 2009 767 2044 est.
825 2003 981 2043 Eadem
1013 2003 1170 2042 ratione
1199 2002 1387 2055 Scapulae
1415 2003 1458 2042 in
1489 2006 1668 2041 mentem
1699 2006 1883 2049 revocat,
1915 2002 2024 2053 quod

112 2081 318 2120 fateantur
343 2080 524 2128 Ethnici,
567 2083 838 2122 Christianos
866 2096 958 2122 esse
988 2084 1254 2128 innocentes,
1284 2095 1388 2135 quos
1417 2081 1628 2121 damnare
1655 2082 1806 2120 statim
1839 2095 1894 2120 eoe
1923 2094 2021 2120 con-

100 2160 299 2212 sessione
328 2171 416 2198 non
442 2161 592 2207 velint,
622 2159 700 2199 sed
722 2159 781 2198 ad
808 2160 1087 2212 negationem
1106 2161 1235 2212 prius
1252 2165 1411 2212 cogant
1434 2159 1503 2207 (ad
1519 2158 1730 2209 Scapulam
1754 2159 1874 2208 c.4.).
1930 2158 2021 2198 Hoc

111 2248 221 2285 vero,
249 2239 295 2275 ut
310 2235 529 2276 Christiani
544 2237 759 2276 Dominum
788 2237 1036 2289 abnegarent
1068 2237 1189 2287 eique
1214 2237 1518 2284 maledicerent,
1540 2236 1805 2287 Magistratus
1834 2250 1857 2275 a
1882 2249 2022 2288 perse-

111 2313 319 2354 cu‘tionum
346 2314 441 2354 inde
467 2315 585 2355 initio
611 2315 891 2367 poscebantffl.
948 2315 994 2355 In
1021 2315 1137 2354 hisce
1160 2319 1294 2354 tamen
1325 2315 1615 2354 calamitatibus
1631 2314 1881 2354 Christianos
1910 2315 2019 2354 haud

112 2394 225 2433 omni
255 2406 345 2432 cum
374 2392 566 2433 fratribus
593 2394 833 2434 interdictos
861 2394 989 2434 fuisse
1023 2395 1295 2442 commercio,
1331 2393 1513 2434 noscitur
1545 2406 1596 2432 ex
1627 2394 1762 2445 capite
1789 2393 1817 2431 2
1844 2393 1940 2433 libri
1969 2392 2019 2433 ad

132 2547 169 2576 2³
193 2546 453 2582 Tertullianus
478 2547 525 2581 ad
552 2547 755 2592 Scapulam
784 2560 814 2583 c.
841 2549 876 2585 3.
1109 2549 1147 2583 2²
1173 2549 1230 2582 Cf.
1259 2548 1375 2582 Piinii
1404 2560 1462 2592 ep.
1482 2549 1530 2582 ad
1561 2549 1773 2591 Trajanum
1803 2550 1870 2594 Ep.
1893 2551 1937 2584 X.
1959 2549 2015 2585 99.

1180 2623 1218 2650 et
1260 2617 1493 2661 Martyrium
1536 2618 1740 2662 Polycarpi
1778 2618 2016 2662 Smyrnensis

1178 2687 1355 2732 Episcopi
1393 2697 1452 2731 ap.
1483 2687 1691 2721 Eusebium
1731 2688 1779 2724 H.
1801 2687 1843 2722 E.
1868 2687 1932 2721 IV.
1958 2687 2015 2721 14.

268 2794 432 2829 Miinteri
456 2793 660 2829 Primordz'a
685 2794 853 2829 Ecclesiae
882 2795 1077 2838 Africanoe.
1705 2793 1751 2828 23
