<?xml version="1.0" encoding="UTF-8"?>
<!DOCTYPE html PUBLIC "-//W3C//DTD XHTML 1.0 Transitional//EN"
    "http://www.w3.org/TR/xhtml1/DTD/xhtml1-transitional.dtd">
<html xmlns="http://www.w3.org/1999/xhtml" xml:lang="en" lang="en">
 <head>
  <title>
</title>
<meta http-equiv="Content-Type" content="text/html;charset=utf-8" />
  <meta name='ocr-system' content='tesseract 3.04.00' />
  <meta name='ocr-capabilities' content='ocr_page ocr_carea ocr_par ocr_line ocrx_word'/>
</head>
<body>
  <div class='ocr_page' id='page_1' title='image "./fredericimnter00mn_0054.png"; bbox 0 0 2341 3340; ppageno 0'>
   <div class='ocr_carea' id='block_1_1' title="bbox 1189 87 1257 135">
    <p class='ocr_par' dir='ltr' id='par_1_1' title="bbox 1189 87 1257 135">
     <span class='ocr_line' id='line_1_1' title="bbox 1189 87 1257 135; baseline 0.015 -1"><span class='ocrx_word' id='word_1_1' title='bbox 1189 87 1257 135; x_wconf 76' lang='lat'>42</span> 
     </span>
    </p>
   </div>
   <div class='ocr_carea' id='block_1_2' title="bbox 258 225 2211 1873">
    <p class='ocr_par' dir='ltr' id='par_1_2' title="bbox 258 225 2202 1160">
     <span class='ocr_line' id='line_1_2' title="bbox 258 225 2190 290; baseline -0.008 -9"><span class='ocrx_word' id='word_1_2' title='bbox 258 239 499 283; x_wconf 85' lang='lat' dir='ltr'>auctoritate</span> <span class='ocrx_word' id='word_1_3' title='bbox 511 236 808 290; x_wconf 87' lang='lat' dir='ltr'>Episcoporum</span> <span class='ocrx_word' id='word_1_4' title='bbox 823 233 1084 282; x_wconf 81' lang='lat' dir='ltr'>sentientem,</span> <span class='ocrx_word' id='word_1_5' title='bbox 1112 242 1246 284; x_wconf 85' lang='lat' dir='ltr'>neque</span> <span class='ocrx_word' id='word_1_6' title='bbox 1265 228 1398 271; x_wconf 88' lang='lat' dir='ltr'>omnia</span> <span class='ocrx_word' id='word_1_7' title='bbox 1416 228 1466 270; x_wconf 90' lang='lat' dir='ltr'>iis</span> <span class='ocrx_word' id='word_1_8' title='bbox 1483 226 1593 282; x_wconf 83' lang='lat' dir='ltr'>jura,</span> <span class='ocrx_word' id='word_1_9' title='bbox 1616 237 1707 280; x_wconf 80' lang='lat' dir='ltr'>quae</span> <span class='ocrx_word' id='word_1_10' title='bbox 1725 226 1912 281; x_wconf 86' lang='lat' dir='ltr'><strong>Apostoli</strong></span> <span class='ocrx_word' id='word_1_11' title='bbox 1937 225 2190 276; x_wconf 80' lang='lat' dir='ltr'>habuissent,</span> 
     </span>
     <span class='ocr_line' id='line_1_3' title="bbox 259 305 2191 367; baseline -0.008 -7"><span class='ocrx_word' id='word_1_12' title='bbox 259 321 508 361; x_wconf 84' lang='lat' dir='ltr'>tribuentem</span> <span class='ocrx_word' id='word_1_13' title='bbox 524 330 537 366; x_wconf 72' lang='grc' dir='ltr'>ς</span> <span class='ocrx_word' id='word_1_14' title='bbox 577 328 719 356; x_wconf 87' lang='lat' dir='ltr'>verum</span> <span class='ocrx_word' id='word_1_15' title='bbox 748 314 884 367; x_wconf 86' lang='lat' dir='ltr'>potius</span> <span class='ocrx_word' id='word_1_16' title='bbox 913 312 1158 360; x_wconf 88' lang='lat' dir='ltr'>docentem,</span> <span class='ocrx_word' id='word_1_17' title='bbox 1202 323 1271 359; x_wconf 84' lang='lat' dir='ltr'>ea,</span> <span class='ocrx_word' id='word_1_18' title='bbox 1313 322 1405 361; x_wconf 80' lang='lat' dir='ltr'>quae</span> <span class='ocrx_word' id='word_1_19' title='bbox 1440 308 1649 361; x_wconf 86' lang='lat' dir='ltr'>Apostolis</span> <span class='ocrx_word' id='word_1_20' title='bbox 1688 311 1802 348; x_wconf 87' lang='lat' dir='ltr'>extra</span> <span class='ocrx_word' id='word_1_21' title='bbox 1837 306 2023 346; x_wconf 84' lang='lat' dir='ltr'>ordinem</span> <span class='ocrx_word' id='word_1_22' title='bbox 2051 319 2074 346; x_wconf 91' lang='lat' dir='ltr'>a</span> <span class='ocrx_word' id='word_1_23' title='bbox 2094 305 2191 357; x_wconf 51' lang='lat' dir='ltr'>¹Deo</span> 
     </span>
     <span class='ocr_line' id='line_1_4' title="bbox 260 381 2194 455; baseline -0.008 -16"><span class='ocrx_word' id='word_1_24' title='bbox 260 413 337 455; x_wconf 83' lang='lat' dir='ltr'>per</span> <span class='ocrx_word' id='word_1_25' title='bbox 365 398 518 439; x_wconf 87' lang='lat' dir='ltr'>donum</span> <span class='ocrx_word' id='word_1_26' title='bbox 542 381 749 448; x_wconf 84' lang='lat' dir='ltr'>quoddam</span> <span class='ocrx_word' id='word_1_27' title='bbox 779 384 986 445; x_wconf 80' lang='lat' dir='ltr'>singulare</span> <span class='ocrx_word' id='word_1_28' title='bbox 1016 391 1108 431; x_wconf 86' lang='lat' dir='ltr'>data</span> <span class='ocrx_word' id='word_1_29' title='bbox 1130 393 1173 430; x_wconf 91' lang='lat' dir='ltr'>et</span> <span class='ocrx_word' id='word_1_30' title='bbox 1202 400 1394 429; x_wconf 87' lang='lat' dir='ltr'>concessa</span> <span class='ocrx_word' id='word_1_31' title='bbox 1415 388 1603 436; x_wconf 86' lang='lat' dir='ltr'>fuissent,</span> <span class='ocrx_word' id='word_1_32' title='bbox 1631 386 1859 440; x_wconf 86' lang='lat' dir='ltr'>Episcopos</span> <span class='ocrx_word' id='word_1_33' title='bbox 1891 386 1970 426; x_wconf 85' lang='lat' dir='ltr'>sibi</span> <span class='ocrx_word' id='word_1_34' title='bbox 1985 385 2194 436; x_wconf 81' lang='lat' dir='ltr'>vindicare</span> 
     </span>
     <span class='ocr_line' id='line_1_5' title="bbox 261 459 2194 532; baseline -0.01 -11"><span class='ocrx_word' id='word_1_35' title='bbox 261 494 345 522; x_wconf 90' lang='lat' dir='ltr'>non</span> <span class='ocrx_word' id='word_1_36' title='bbox 373 475 552 532; x_wconf 67' lang='lat' dir='ltr'>posselss.</span> <span class='ocrx_word' id='word_1_37' title='bbox 610 473 754 526; x_wconf 85' lang='lat' dir='ltr'>Longe</span> <span class='ocrx_word' id='word_1_38' title='bbox 781 484 879 511; x_wconf 87' lang='lat' dir='ltr'>vero</span> <span class='ocrx_word' id='word_1_39' title='bbox 913 473 1032 511; x_wconf 88' lang='lat' dir='ltr'>aliter</span> <span class='ocrx_word' id='word_1_40' title='bbox 1068 470 1319 523; x_wconf 80' lang='lat' dir='ltr'>Cyprianus,</span> <span class='ocrx_word' id='word_1_41' title='bbox 1351 466 1604 507; x_wconf 83' lang='lat' dir='ltr'>auctoritatis</span> <span class='ocrx_word' id='word_1_42' title='bbox 1638 459 1891 518; x_wconf 48' lang='lat' dir='ltr'>episcopalis*</span> <span class='ocrx_word' id='word_1_43' title='bbox 1904 467 2194 518; x_wconf 84' lang='lat' dir='ltr'>propugnator.</span> 
     </span>
     <span class='ocr_line' id='line_1_6' title="bbox 263 542 2196 613; baseline -0.01 -13"><span class='ocrx_word' id='word_1_44' title='bbox 263 560 382 613; x_wconf 80' lang='lat' dir='ltr'>epist.</span> <span class='ocrx_word' id='word_1_45' title='bbox 419 557 460 596; x_wconf 85' lang='lat'>3.</span> <span class='ocrx_word' id='word_1_46' title='bbox 488 554 528 593; x_wconf 88' lang='lat'>4.</span> <span class='ocrx_word' id='word_1_47' title='bbox 557 553 624 593; x_wconf 77' lang='lat'>33.</span> <span class='ocrx_word' id='word_1_48' title='bbox 662 555 741 594; x_wconf 83' lang='lat' dir='ltr'>etc.</span> <span class='ocrx_word' id='word_1_49' title='bbox 786 551 856 603; x_wconf 85' lang='lat' dir='ltr'>qui</span> <span class='ocrx_word' id='word_1_50' title='bbox 899 550 1198 603; x_wconf 87' lang='lat' dir='ltr'>Episcoporum</span> <span class='ocrx_word' id='word_1_51' title='bbox 1234 548 1304 601; x_wconf 84' lang='lat' dir='ltr'>jus</span> <span class='ocrx_word' id='word_1_52' title='bbox 1347 545 1586 599; x_wconf 87' lang='lat' dir='ltr'>Apostolico</span> <span class='ocrx_word' id='word_1_53' title='bbox 1634 544 1905 596; x_wconf 77' lang='lat' dir='ltr'>aequiparare,</span> <span class='ocrx_word' id='word_1_54' title='bbox 1951 555 2106 595; x_wconf 88' lang='lat' dir='ltr'>eosque</span> <span class='ocrx_word' id='word_1_55' title='bbox 2149 542 2196 582; x_wconf 87' lang='lat' dir='ltr'>in</span> 
     </span>
     <span class='ocr_line' id='line_1_7' title="bbox 264 621 2196 685; baseline -0.009 -7"><span class='ocrx_word' id='word_1_56' title='bbox 264 638 451 680; x_wconf 88' lang='lat' dir='ltr'>omnibus</span> <span class='ocrx_word' id='word_1_57' title='bbox 484 646 575 674; x_wconf 84' lang='lat' dir='ltr'>esse</span> <span class='ocrx_word' id='word_1_58' title='bbox 604 631 894 685; x_wconf 86' lang='lat' dir='ltr'>Apostolorum</span> <span class='ocrx_word' id='word_1_59' title='bbox 925 640 1183 670; x_wconf 83' lang='lat' dir='ltr'>successores</span> <span class='ocrx_word' id='word_1_60' title='bbox 1213 625 1465 667; x_wconf 88' lang='lat' dir='ltr'>contendere</span> <span class='ocrx_word' id='word_1_61' title='bbox 1496 622 1606 663; x_wconf 86' lang='lat' dir='ltr'>haud</span> <span class='ocrx_word' id='word_1_62' title='bbox 1636 621 1807 671; x_wconf 90' lang='lat' dir='ltr'>dubitat,</span> <span class='ocrx_word' id='word_1_63' title='bbox 1847 635 1912 675; x_wconf 89' lang='lat' dir='ltr'>ep.</span> <span class='ocrx_word' id='word_1_64' title='bbox 1940 621 2030 672; x_wconf 85' lang='lat'>45.;</span> <span class='ocrx_word' id='word_1_65' title='bbox 2075 633 2196 673; x_wconf 88' lang='lat' dir='ltr'>quam</span> 
     </span>
     <span class='ocr_line' id='line_1_8' title="bbox 266 700 2198 771; baseline -0.009 -15"><span class='ocrx_word' id='word_1_66' title='bbox 266 708 433 771; x_wconf 71' lang='lat' dir='ltr'>quidem</span> <span class='ocrx_word' id='word_1_67' title='bbox 476 712 720 767; x_wconf 83' lang='lat' dir='ltr'>sententiam</span> <span class='ocrx_word' id='word_1_68' title='bbox 761 709 854 749; x_wconf 89' lang='lat' dir='ltr'>fere</span> <span class='ocrx_word' id='word_1_69' title='bbox 898 711 1097 762; x_wconf 89' lang='lat' dir='ltr'>perpetuo</span> <span class='ocrx_word' id='word_1_70' title='bbox 1140 707 1305 760; x_wconf 84' lang='lat' dir='ltr'>ingerit.</span> <span class='ocrx_word' id='word_1_71' title='bbox 1375 703 1474 744; x_wconf 86' lang='lat' dir='ltr'>Ideo</span> <span class='ocrx_word' id='word_1_72' title='bbox 1518 703 1653 755; x_wconf 89' lang='lat' dir='ltr'>ipsum</span> <span class='ocrx_word' id='word_1_73' title='bbox 1694 700 1986 753; x_wconf 85' lang='lat' dir='ltr'>Apostolorum</span> <span class='ocrx_word' id='word_1_74' title='bbox 2032 710 2198 751; x_wconf 86' lang='lat' dir='ltr'>quoque</span> 
     </span>
     <span class='ocr_line' id='line_1_9' title="bbox 265 779 2199 843; baseline -0.009 -8"><span class='ocrx_word' id='word_1_75' title='bbox 265 808 418 838; x_wconf 88' lang='lat' dir='ltr'>nomen</span> <span class='ocrx_word' id='word_1_76' title='bbox 448 794 508 833; x_wconf 87' lang='lat' dir='ltr'>eis</span> <span class='ocrx_word' id='word_1_77' title='bbox 545 791 701 831; x_wconf 85' lang='lat' dir='ltr'>tribuit.</span> <span class='ocrx_word' id='word_1_78' title='bbox 740 802 805 842; x_wconf 87' lang='lat' dir='ltr'>ep.</span> <span class='ocrx_word' id='word_1_79' title='bbox 833 788 873 828; x_wconf 84' lang='lat'>3.</span> <span class='ocrx_word' id='word_1_80' title='bbox 931 789 1185 843; x_wconf 77' lang='lat' dir='ltr'>Meminisse</span> <span class='ocrx_word' id='word_1_81' title='bbox 1220 790 1368 826; x_wconf 82' lang='lat' dir='ltr'>autem</span> <span class='ocrx_word' id='word_1_82' title='bbox 1399 782 1592 823; x_wconf 79' lang='lat' dir='ltr'>Diaconi</span> <span class='ocrx_word' id='word_1_83' title='bbox 1626 781 1803 829; x_wconf 78' lang='lat' dir='ltr'>debent,</span> <span class='ocrx_word' id='word_1_84' title='bbox 1845 781 2050 834; x_wconf 85' lang='lat' dir='ltr'>quoniam</span> <span class='ocrx_word' id='word_1_85' title='bbox 2078 779 2199 833; x_wconf 82' lang='lat' dir='ltr'>Apo-</span> 
     </span>
     <span class='ocr_line' id='line_1_10' title="bbox 266 856 2201 922; baseline -0.011 -6"><span class='ocrx_word' id='word_1_86' title='bbox 266 877 426 921; x_wconf 79' lang='lat' dir='ltr'>stolos,</span> <span class='ocrx_word' id='word_1_87' title='bbox 473 872 520 912; x_wconf 88' lang='lat' dir='ltr'>id</span> <span class='ocrx_word' id='word_1_88' title='bbox 547 874 614 911; x_wconf 76' lang='lat' dir='ltr'>est</span> <span class='ocrx_word' id='word_1_89' title='bbox 648 870 894 922; x_wconf 80' lang='lat' dir='ltr'>Episcopos</span> <span class='ocrx_word' id='word_1_90' title='bbox 935 872 980 906; x_wconf 82' lang='lat' dir='ltr'>et</span> <span class='ocrx_word' id='word_1_91' title='bbox 1011 866 1307 919; x_wconf 79' lang='lat' dir='ltr'>Proepositos,</span> <span class='ocrx_word' id='word_1_92' title='bbox 1348 862 1565 903; x_wconf 80' lang='lat' dir='ltr'>Dominus</span> <span class='ocrx_word' id='word_1_93' title='bbox 1596 861 1744 913; x_wconf 80' lang='lat' dir='ltr'>elegit.</span> <span class='ocrx_word' id='word_1_94' title='bbox 1812 857 1883 897; x_wconf 86' lang='lat' dir='ltr'>Sic</span> <span class='ocrx_word' id='word_1_95' title='bbox 1919 858 2058 910; x_wconf 88' lang='lat' dir='ltr'>itaque</span> <span class='ocrx_word' id='word_1_96' title='bbox 2083 856 2201 896; x_wconf 84' lang='lat' dir='ltr'>brevi</span> 
     </span>
     <span class='ocr_line' id='line_1_11' title="bbox 267 936 2202 994; baseline -0.01 -1"><span class='ocrx_word' id='word_1_97' title='bbox 267 955 323 994; x_wconf 83' lang='lat'>30</span> <span class='ocrx_word' id='word_1_98' title='bbox 352 955 420 993; x_wconf 84' lang='lat' dir='ltr'>aut</span> <span class='ocrx_word' id='word_1_99' title='bbox 453 951 509 990; x_wconf 80' lang='lat'>40</span> <span class='ocrx_word' id='word_1_100' title='bbox 541 960 742 988; x_wconf 87' lang='lat' dir='ltr'>annorum</span> <span class='ocrx_word' id='word_1_101' title='bbox 770 946 878 985; x_wconf 90' lang='lat' dir='ltr'>inter</span> <span class='ocrx_word' id='word_1_102' title='bbox 908 943 1209 983; x_wconf 80' lang='lat' dir='ltr'>Tertullianum</span> <span class='ocrx_word' id='word_1_103' title='bbox 1237 943 1280 979; x_wconf 88' lang='lat' dir='ltr'>et</span> <span class='ocrx_word' id='word_1_104' title='bbox 1312 939 1560 991; x_wconf 75' lang='lat' dir='ltr'>cyprianum</span> <span class='ocrx_word' id='word_1_105' title='bbox 1593 937 1812 990; x_wconf 86' lang='lat' dir='ltr'>interjecto</span> <span class='ocrx_word' id='word_1_106' title='bbox 1842 937 2039 989; x_wconf 83' lang='lat' dir='ltr'>temporis</span> <span class='ocrx_word' id='word_1_107' title='bbox 2073 936 2202 976; x_wconf 82' lang='lat' dir='ltr'>inter-</span> 
     </span>
     <span class='ocr_line' id='line_1_12' title="bbox 268 1014 2201 1079; baseline -0.009 -8"><span class='ocrx_word' id='word_1_108' title='bbox 268 1032 394 1079; x_wconf 87' lang='lat' dir='ltr'>vallo,</span> <span class='ocrx_word' id='word_1_109' title='bbox 435 1030 480 1068; x_wconf 91' lang='lat' dir='ltr'>in</span> <span class='ocrx_word' id='word_1_110' title='bbox 508 1028 638 1067; x_wconf 87' lang='lat' dir='ltr'>libera</span> <span class='ocrx_word' id='word_1_111' title='bbox 665 1027 736 1066; x_wconf 88' lang='lat' dir='ltr'>illa</span> <span class='ocrx_word' id='word_1_112' title='bbox 760 1024 903 1065; x_wconf 83' lang='lat' dir='ltr'>Africa</span> <span class='ocrx_word' id='word_1_113' title='bbox 930 1022 1086 1062; x_wconf 85' lang='lat' dir='ltr'>semina</span> <span class='ocrx_word' id='word_1_114' title='bbox 1112 1018 1383 1066; x_wconf 82' lang='lat' dir='ltr'>Hierarchiae,</span> <span class='ocrx_word' id='word_1_115' title='bbox 1419 1016 1492 1056; x_wconf 89' lang='lat' dir='ltr'>diu</span> <span class='ocrx_word' id='word_1_116' title='bbox 1521 1016 1565 1055; x_wconf 93' lang='lat' dir='ltr'>in</span> <span class='ocrx_word' id='word_1_117' title='bbox 1607 1015 1784 1055; x_wconf 84' lang='lat' dir='ltr'>ecclesia</span> <span class='ocrx_word' id='word_1_118' title='bbox 1810 1015 2002 1065; x_wconf 86' lang='lat' dir='ltr'>latentia,</span> <span class='ocrx_word' id='word_1_119' title='bbox 2040 1014 2201 1055; x_wconf 88' lang='lat' dir='ltr'>fructus</span> 
     </span>
     <span class='ocr_line' id='line_1_13' title="bbox 268 1096 1621 1160; baseline -0.012 -10"><span class='ocrx_word' id='word_1_120' title='bbox 268 1111 456 1151; x_wconf 87' lang='lat' dir='ltr'>tulerunt</span> <span class='ocrx_word' id='word_1_121' title='bbox 482 1105 737 1160; x_wconf 86' lang='lat' dir='ltr'>procedente</span> <span class='ocrx_word' id='word_1_122' title='bbox 766 1106 887 1144; x_wconf 81' lang='lat' dir='ltr'>aetate</span> <span class='ocrx_word' id='word_1_123' title='bbox 912 1101 991 1155; x_wconf 89' lang='lat' dir='ltr'>ipsi</span> <span class='ocrx_word' id='word_1_124' title='bbox 1021 1099 1208 1140; x_wconf 72' lang='lat' dir='ltr'>ecclesiae</span> <span class='ocrx_word' id='word_1_125' title='bbox 1238 1096 1621 1150; x_wconf 87' lang='lat' dir='ltr'>perniciosissimos.</span> 
     </span>
    </p>

    <p class='ocr_par' dir='ltr' id='par_1_3' title="bbox 271 1169 2211 1873">
     <span class='ocr_line' id='line_1_14' title="bbox 431 1169 2203 1235; baseline -0.006 -9"><span class='ocrx_word' id='word_1_126' title='bbox 431 1169 490 1226; x_wconf 40' lang='lat'>¹3.</span> <span class='ocrx_word' id='word_1_127' title='bbox 548 1186 664 1226; x_wconf 89' lang='lat' dir='ltr'>Illam</span> <span class='ocrx_word' id='word_1_128' title='bbox 693 1197 791 1224; x_wconf 83' lang='lat' dir='ltr'>vero</span> <span class='ocrx_word' id='word_1_129' title='bbox 822 1195 942 1235; x_wconf 89' lang='lat' dir='ltr'>qnam</span> <span class='ocrx_word' id='word_1_130' title='bbox 966 1181 1142 1220; x_wconf 86' lang='lat' dir='ltr'>diximus</span> <span class='ocrx_word' id='word_1_131' title='bbox 1174 1177 1353 1217; x_wconf 86' lang='lat' dir='ltr'>muneris</span> <span class='ocrx_word' id='word_1_132' title='bbox 1382 1176 1445 1215; x_wconf 89' lang='lat' dir='ltr'>sui</span> <span class='ocrx_word' id='word_1_133' title='bbox 1471 1174 1781 1228; x_wconf 77' lang='lat' dir='ltr'>praerogativam</span> <span class='ocrx_word' id='word_1_134' title='bbox 1802 1174 1998 1229; x_wconf 86' lang='lat' dir='ltr'>Episcopi</span> <span class='ocrx_word' id='word_1_135' title='bbox 2019 1176 2203 1216; x_wconf 85' lang='lat' dir='ltr'>Africani</span> 
     </span>
     <span class='ocr_line' id='line_1_15' title="bbox 271 1254 2204 1323; baseline -0.007 -15"><span class='ocrx_word' id='word_1_136' title='bbox 271 1270 471 1323; x_wconf 84' lang='lat' dir='ltr'>perpetuo</span> <span class='ocrx_word' id='word_1_137' title='bbox 499 1267 794 1311; x_wconf 81' lang='lat' dir='ltr'>exercuerunt,</span> <span class='ocrx_word' id='word_1_138' title='bbox 825 1273 958 1312; x_wconf 85' lang='lat' dir='ltr'>neque</span> <span class='ocrx_word' id='word_1_139' title='bbox 987 1271 1167 1310; x_wconf 84' lang='lat' dir='ltr'>unquam</span> <span class='ocrx_word' id='word_1_140' title='bbox 1196 1270 1219 1296; x_wconf 89' lang='lat' dir='ltr'>a</span> <span class='ocrx_word' id='word_1_141' title='bbox 1241 1255 1487 1294; x_wconf 86' lang='lat' dir='ltr'>Primatibus</span> <span class='ocrx_word' id='word_1_142' title='bbox 1516 1254 1646 1294; x_wconf 88' lang='lat' dir='ltr'>minui</span> <span class='ocrx_word' id='word_1_143' title='bbox 1673 1254 1739 1293; x_wconf 90' lang='lat' dir='ltr'>vel</span> <span class='ocrx_word' id='word_1_144' title='bbox 1768 1254 1939 1308; x_wconf 83' lang='lat' dir='ltr'>infringi</span> <span class='ocrx_word' id='word_1_145' title='bbox 1966 1256 2075 1308; x_wconf 88' lang='lat' dir='ltr'>passi</span> <span class='ocrx_word' id='word_1_146' title='bbox 2098 1257 2204 1295; x_wconf 87' lang='lat' dir='ltr'>sunt.</span> 
     </span>
     <span class='ocr_line' id='line_1_16' title="bbox 273 1333 2206 1402; baseline -0.007 -13"><span class='ocrx_word' id='word_1_147' title='bbox 273 1349 500 1402; x_wconf 81' lang='lat' dir='ltr'>Cyprianus</span> <span class='ocrx_word' id='word_1_148' title='bbox 543 1344 632 1397; x_wconf 85' lang='lat' dir='ltr'>ejus</span> <span class='ocrx_word' id='word_1_149' title='bbox 678 1343 922 1394; x_wconf 84' lang='lat' dir='ltr'>frequenter</span> <span class='ocrx_word' id='word_1_150' title='bbox 963 1339 1162 1379; x_wconf 87' lang='lat' dir='ltr'>meminit.</span> <span class='ocrx_word' id='word_1_151' title='bbox 1240 1336 1288 1377; x_wconf 83' lang='lat' dir='ltr'>In</span> <span class='ocrx_word' id='word_1_152' title='bbox 1333 1335 1518 1375; x_wconf 86' lang='lat' dir='ltr'>Concilio</span> <span class='ocrx_word' id='word_1_153' title='bbox 1561 1334 1887 1387; x_wconf 81' lang='lat' dir='ltr'>Carthaginiensi</span> <span class='ocrx_word' id='word_1_154' title='bbox 1926 1337 2067 1386; x_wconf 85' lang='lat' dir='ltr'>aperte</span> <span class='ocrx_word' id='word_1_155' title='bbox 2106 1333 2206 1387; x_wconf 84' lang='lat' dir='ltr'>quid</span> 
     </span>
     <span class='ocr_line' id='line_1_17' title="bbox 274 1414 2206 1478; baseline -0.007 -9"><span class='ocrx_word' id='word_1_156' title='bbox 274 1429 447 1469; x_wconf 81' lang='lat' dir='ltr'>sentiret</span> <span class='ocrx_word' id='word_1_157' title='bbox 468 1424 680 1478; x_wconf 78' lang='lat' dir='ltr'>professus</span> <span class='ocrx_word' id='word_1_158' title='bbox 704 1425 781 1461; x_wconf 84' lang='lat' dir='ltr'>est.</span> <span class='ocrx_word' id='word_1_159' title='bbox 837 1423 988 1475; x_wconf 77' lang='lat' dir='ltr'>Ichue</span> <span class='ocrx_word' id='word_1_160' title='bbox 1006 1421 1121 1460; x_wconf 75' lang='lat' dir='ltr'>euim</span> <span class='ocrx_word' id='word_1_161' title='bbox 1142 1419 1363 1472; x_wconf 84' lang='lat' dir='ltr'>quisquam</span> <span class='ocrx_word' id='word_1_162' title='bbox 1387 1419 1588 1454; x_wconf 76' lang='lat' dir='ltr'>nostrum</span> <span class='ocrx_word' id='word_1_163' title='bbox 1600 1414 1871 1469; x_wconf 78' lang='lat' dir='ltr'>Episcopum</span> <span class='ocrx_word' id='word_1_164' title='bbox 1885 1414 2206 1469; x_wconf 81' lang='lat' dir='ltr'>Episcoporum</span> 
     </span>
     <span class='ocr_line' id='line_1_18' title="bbox 275 1493 2206 1554; baseline -0.008 -5"><span class='ocrx_word' id='word_1_165' title='bbox 275 1524 321 1549; x_wconf 79' lang='lat' dir='ltr'>se</span> <span class='ocrx_word' id='word_1_166' title='bbox 357 1505 619 1552; x_wconf 75' lang='lat' dir='ltr'>constituit,</span> <span class='ocrx_word' id='word_1_167' title='bbox 659 1506 740 1543; x_wconf 82' lang='lat' dir='ltr'>aut</span> <span class='ocrx_word' id='word_1_168' title='bbox 777 1501 1011 1554; x_wconf 71' lang='lat' dir='ltr'>tyrannico</span> <span class='ocrx_word' id='word_1_169' title='bbox 1050 1503 1225 1539; x_wconf 77' lang='lat' dir='ltr'>terrore</span> <span class='ocrx_word' id='word_1_170' title='bbox 1262 1496 1322 1536; x_wconf 81' lang='lat' dir='ltr'>ad</span> <span class='ocrx_word' id='word_1_171' title='bbox 1356 1493 1613 1548; x_wconf 80' lang='lat' dir='ltr'>obsequendi</span> <span class='ocrx_word' id='word_1_172' title='bbox 1659 1494 1965 1533; x_wconf 76' lang='lat' dir='ltr'>necessitatem</span> <span class='ocrx_word' id='word_1_173' title='bbox 2003 1494 2206 1547; x_wconf 75' lang='lat' dir='ltr'>Collega-s</span> 
     </span>
     <span class='ocr_line' id='line_1_19' title="bbox 275 1572 2208 1637; baseline -0.009 -8"><span class='ocrx_word' id='word_1_174' title='bbox 275 1601 376 1629; x_wconf 80' lang='lat' dir='ltr'>suos</span> <span class='ocrx_word' id='word_1_175' title='bbox 423 1585 596 1637; x_wconf 77' lang='lat' dir='ltr'>adigit,</span> <span class='ocrx_word' id='word_1_176' title='bbox 645 1580 820 1635; x_wconf 81' lang='lat' dir='ltr'>quando</span> <span class='ocrx_word' id='word_1_177' title='bbox 863 1579 1020 1618; x_wconf 77' lang='lat' dir='ltr'>habeat</span> <span class='ocrx_word' id='word_1_178' title='bbox 1071 1577 1211 1617; x_wconf 75' lang='lat' dir='ltr'>omnis</span> <span class='ocrx_word' id='word_1_179' title='bbox 1255 1575 1502 1628; x_wconf 76' lang='lat' dir='ltr'>Episcopus</span> <span class='ocrx_word' id='word_1_180' title='bbox 1552 1585 1636 1627; x_wconf 80' lang='lat' dir='ltr'>pro</span> <span class='ocrx_word' id='word_1_181' title='bbox 1685 1572 1865 1612; x_wconf 79' lang='lat' dir='ltr'>licentia</span> <span class='ocrx_word' id='word_1_182' title='bbox 1909 1572 2126 1613; x_wconf 82' lang='lat' dir='ltr'>libertatis</span> <span class='ocrx_word' id='word_1_183' title='bbox 2162 1576 2208 1612; x_wconf 79' lang='lat' dir='ltr'>et</span> 
     </span>
     <span class='ocr_line' id='line_1_20' title="bbox 272 1646 2208 1721; baseline -0.007 -15"><span class='ocrx_word' id='word_1_184' title='bbox 272 1664 512 1721; x_wconf 75' lang='lat' dir='ltr'>potestatis</span> <span class='ocrx_word' id='word_1_185' title='bbox 558 1673 655 1701; x_wconf 78' lang='lat' dir='ltr'>suae</span> <span class='ocrx_word' id='word_1_186' title='bbox 692 1658 926 1698; x_wconf 77' lang='lat' dir='ltr'>arbitrium</span> <span class='ocrx_word' id='word_1_187' title='bbox 961 1657 1230 1710; x_wconf 75' lang='lat' dir='ltr'>proprium5</span> <span class='ocrx_word' id='word_1_188' title='bbox 1283 1657 1456 1706; x_wconf 77' lang='lat' dir='ltr'>tamque</span> <span class='ocrx_word' id='word_1_189' title='bbox 1483 1651 1687 1704; x_wconf 78' lang='lat' dir='ltr'>judicari</span> <span class='ocrx_word' id='word_1_190' title='bbox 1721 1650 1772 1689; x_wconf 85' lang='lat' dir='ltr'>ab</span> <span class='ocrx_word' id='word_1_191' title='bbox 1808 1646 1895 1690; x_wconf 82' lang='lat' dir='ltr'>alio</span> <span class='ocrx_word' id='word_1_192' title='bbox 1934 1663 2023 1690; x_wconf 79' lang='lat' dir='ltr'>non</span> <span class='ocrx_word' id='word_1_193' title='bbox 2051 1652 2208 1704; x_wconf 77' lang='lat' dir='ltr'>possit,</span> 
     </span>
     <span class='ocr_line' id='line_1_21' title="bbox 277 1727 2211 1799; baseline -0.008 -15"><span class='ocrx_word' id='word_1_194' title='bbox 277 1758 406 1799; x_wconf 77' lang='lat' dir='ltr'>quam</span> <span class='ocrx_word' id='word_1_195' title='bbox 435 1755 516 1782; x_wconf 79' lang='lat' dir='ltr'>uec</span> <span class='ocrx_word' id='word_1_196' title='bbox 545 1740 638 1795; x_wconf 79' lang='lat' dir='ltr'>ipsc</span> <span class='ocrx_word' id='word_1_197' title='bbox 665 1742 813 1793; x_wconf 78' lang='lat' dir='ltr'>potost</span> <span class='ocrx_word' id='word_1_198' title='bbox 836 1735 1058 1789; x_wconf 78' lang='lat' dir='ltr'>judicare.</span> <span class='ocrx_word' id='word_1_199' title='bbox 1125 1732 1229 1771; x_wconf 83' lang='lat' dir='ltr'>Haec</span> <span class='ocrx_word' id='word_1_200' title='bbox 1260 1731 1387 1783; x_wconf 83' lang='lat' dir='ltr'>igitur</span> <span class='ocrx_word' id='word_1_201' title='bbox 1414 1731 1580 1770; x_wconf 88' lang='lat' dir='ltr'>libertas</span> <span class='ocrx_word' id='word_1_202' title='bbox 1610 1729 1709 1768; x_wconf 88' lang='lat' dir='ltr'>altas</span> <span class='ocrx_word' id='word_1_203' title='bbox 1736 1728 1780 1766; x_wconf 89' lang='lat' dir='ltr'>in</span> <span class='ocrx_word' id='word_1_204' title='bbox 1808 1727 1996 1767; x_wconf 84' lang='lat' dir='ltr'>Ecclesia</span> <span class='ocrx_word' id='word_1_205' title='bbox 2017 1728 2211 1770; x_wconf 78' lang='lat' dir='ltr'>Africana</span> 
     </span>
     <span class='ocr_line' id='line_1_22' title="bbox 278 1805 2210 1873; baseline -0.008 -12"><span class='ocrx_word' id='word_1_206' title='bbox 278 1836 302 1862; x_wconf 83' lang='lat' dir='ltr'>a</span> <span class='ocrx_word' id='word_1_207' title='bbox 331 1822 466 1873; x_wconf 86' lang='lat' dir='ltr'>prisca</span> <span class='ocrx_word' id='word_1_208' title='bbox 486 1817 585 1857; x_wconf 87' lang='lat' dir='ltr'>inde</span> <span class='ocrx_word' id='word_1_209' title='bbox 615 1818 735 1855; x_wconf 78' lang='lat' dir='ltr'>aetate</span> <span class='ocrx_word' id='word_1_210' title='bbox 766 1816 904 1867; x_wconf 79' lang='lat' dir='ltr'>egerat</span> <span class='ocrx_word' id='word_1_211' title='bbox 933 1812 1108 1858; x_wconf 81' lang='lat' dir='ltr'>radices,</span> <span class='ocrx_word' id='word_1_212' title='bbox 1141 1813 1183 1849; x_wconf 88' lang='lat' dir='ltr'>et</span> <span class='ocrx_word' id='word_1_213' title='bbox 1205 1822 1287 1848; x_wconf 88' lang='lat' dir='ltr'>non</span> <span class='ocrx_word' id='word_1_214' title='bbox 1310 1809 1352 1847; x_wconf 91' lang='lat' dir='ltr'>in</span> <span class='ocrx_word' id='word_1_215' title='bbox 1374 1807 1494 1846; x_wconf 86' lang='lat' dir='ltr'>nudis</span> <span class='ocrx_word' id='word_1_216' title='bbox 1520 1809 1679 1845; x_wconf 87' lang='lat' dir='ltr'>tantum</span> <span class='ocrx_word' id='word_1_217' title='bbox 1701 1805 1847 1844; x_wconf 82' lang='lat' dir='ltr'>1itibus</span> <span class='ocrx_word' id='word_1_218' title='bbox 1874 1809 1915 1844; x_wconf 86' lang='lat' dir='ltr'>et</span> <span class='ocrx_word' id='word_1_219' title='bbox 1939 1808 2210 1857; x_wconf 78' lang='lat' dir='ltr'>caeremoniis,</span> 
     </span>
    </p>
   </div>
   <div class='ocr_carea' id='block_1_3' title="bbox 279 1873 2238 2425">
    <p class='ocr_par' dir='ltr' id='par_1_4' title="bbox 279 1873 2238 2425">
     <span class='ocr_line' id='line_1_23' title="bbox 279 1873 2238 1945; baseline -0.007 -7"><span class='ocrx_word' id='word_1_220' title='bbox 279 1900 354 1940; x_wconf 87' lang='lat' dir='ltr'>sed</span> <span class='ocrx_word' id='word_1_221' title='bbox 381 1899 425 1938; x_wconf 90' lang='lat' dir='ltr'>in</span> <span class='ocrx_word' id='word_1_222' title='bbox 456 1895 626 1935; x_wconf 82' lang='lat' dir='ltr'>diversis</span> <span class='ocrx_word' id='word_1_223' title='bbox 654 1895 788 1945; x_wconf 84' lang='lat' dir='ltr'>iisque</span> <span class='ocrx_word' id='word_1_224' title='bbox 820 1892 916 1931; x_wconf 88' lang='lat' dir='ltr'>satis</span> <span class='ocrx_word' id='word_1_225' title='bbox 946 1889 1133 1943; x_wconf 81' lang='lat' dir='ltr'>gravibus</span> <span class='ocrx_word' id='word_1_226' title='bbox 1166 1887 1394 1938; x_wconf 79' lang='lat' dir='ltr'>disciplinae</span> <span class='ocrx_word' id='word_1_227' title='bbox 1423 1885 1714 1924; x_wconf 76' lang='lat' dir='ltr'>ecclesiasticae</span> <span class='ocrx_word' id='word_1_228' title='bbox 1745 1885 1944 1937; x_wconf 86' lang='lat' dir='ltr'>capitibus</span> <span class='ocrx_word' id='word_1_229' title='bbox 1962 1887 2212 1936; x_wconf 82' lang='lat' dir='ltr'>versabatur,</span> <span class='ocrx_word' id='word_1_230' title='bbox 2236 1873 2238 1876; x_wconf 69' lang='lat'>,</span> 
     </span>
     <span class='ocr_line' id='line_1_24' title="bbox 280 1964 2214 2026; baseline -0.006 -9"><span class='ocrx_word' id='word_1_231' title='bbox 280 1990 318 2017; x_wconf 82' lang='lat' dir='ltr'>v.</span> <span class='ocrx_word' id='word_1_232' title='bbox 341 1990 376 2017; x_wconf 87' lang='lat' dir='ltr'>c.</span> <span class='ocrx_word' id='word_1_233' title='bbox 400 1977 445 2016; x_wconf 87' lang='lat' dir='ltr'>in</span> <span class='ocrx_word' id='word_1_234' title='bbox 487 1974 714 2026; x_wconf 79' lang='lat' dir='ltr'>quaestione</span> <span class='ocrx_word' id='word_1_235' title='bbox 748 1971 801 2011; x_wconf 92' lang='lat' dir='ltr'>de</span> <span class='ocrx_word' id='word_1_236' title='bbox 837 1966 1138 2022; x_wconf 81' lang='lat' dir='ltr'>rebaptizandis</span> <span class='ocrx_word' id='word_1_237' title='bbox 1179 1965 1416 2014; x_wconf 69' lang='lat' dir='ltr'>haereticis,</span> <span class='ocrx_word' id='word_1_238' title='bbox 1473 1964 1526 2004; x_wconf 89' lang='lat' dir='ltr'>de</span> <span class='ocrx_word' id='word_1_239' title='bbox 1568 1964 1817 2004; x_wconf 86' lang='lat' dir='ltr'>admissione</span> <span class='ocrx_word' id='word_1_240' title='bbox 1857 1965 2134 2005; x_wconf 87' lang='lat' dir='ltr'>adulterorum</span> <span class='ocrx_word' id='word_1_241' title='bbox 2168 1965 2214 2006; x_wconf 87' lang='lat' dir='ltr'>in</span> 
     </span>
     <span class='ocr_line' id='line_1_25' title="bbox 282 2043 2214 2098; baseline -0.006 -2"><span class='ocrx_word' id='word_1_242' title='bbox 282 2054 611 2098; x_wconf 87' lang='lat' dir='ltr'>communionem</span> <span class='ocrx_word' id='word_1_243' title='bbox 639 2050 970 2096; x_wconf 86' lang='lat' dir='ltr'>ecclesiasticam,</span> <span class='ocrx_word' id='word_1_244' title='bbox 1003 2047 1056 2086; x_wconf 70' lang='lat' dir='ltr'>de</span> <span class='ocrx_word' id='word_1_245' title='bbox 1086 2045 1421 2086; x_wconf 87' lang='lat' dir='ltr'>reconciliatione</span> <span class='ocrx_word' id='word_1_246' title='bbox 1451 2043 1680 2097; x_wconf 85' lang='lat' dir='ltr'>lapsorum,</span> <span class='ocrx_word' id='word_1_247' title='bbox 1713 2044 1766 2084; x_wconf 89' lang='lat' dir='ltr'>de</span> <span class='ocrx_word' id='word_1_248' title='bbox 1791 2044 1999 2084; x_wconf 87' lang='lat' dir='ltr'>validitate</span> <span class='ocrx_word' id='word_1_249' title='bbox 2022 2044 2214 2097; x_wconf 86' lang='lat' dir='ltr'>baptismi</span> 
     </span>
     <span class='ocr_line' id='line_1_26' title="bbox 284 2124 2214 2183; baseline -0.006 -7"><span class='ocrx_word' id='word_1_250' title='bbox 284 2135 536 2176; x_wconf 87' lang='lat' dir='ltr'>clinicorum.</span> <span class='ocrx_word' id='word_1_251' title='bbox 595 2131 642 2171; x_wconf 91' lang='lat' dir='ltr'>In</span> <span class='ocrx_word' id='word_1_252' title='bbox 671 2130 817 2183; x_wconf 88' lang='lat' dir='ltr'>quibus</span> <span class='ocrx_word' id='word_1_253' title='bbox 847 2128 972 2167; x_wconf 88' lang='lat' dir='ltr'>rebus</span> <span class='ocrx_word' id='word_1_254' title='bbox 1010 2125 1251 2178; x_wconf 84' lang='lat' dir='ltr'>CyprianuS‚</span> <span class='ocrx_word' id='word_1_255' title='bbox 1284 2124 1463 2176; x_wconf 87' lang='lat' dir='ltr'>quamvis</span> <span class='ocrx_word' id='word_1_256' title='bbox 1489 2124 1609 2164; x_wconf 90' lang='lat' dir='ltr'>aliter</span> <span class='ocrx_word' id='word_1_257' title='bbox 1637 2124 1889 2163; x_wconf 85' lang='lat' dir='ltr'>existimaret</span> <span class='ocrx_word' id='word_1_258' title='bbox 1918 2128 2040 2175; x_wconf 85' lang='lat' dir='ltr'>atque</span> <span class='ocrx_word' id='word_1_259' title='bbox 2070 2124 2214 2164; x_wconf 77' lang='lat' dir='ltr'>decer-</span> 
     </span>
     <span class='ocr_line' id='line_1_27' title="bbox 285 2203 2215 2263; baseline -0.008 -7"><span class='ocrx_word' id='word_1_260' title='bbox 285 2217 405 2256; x_wconf 85' lang='lat' dir='ltr'>neret</span> <span class='ocrx_word' id='word_1_261' title='bbox 434 2226 482 2255; x_wconf 89' lang='lat' dir='ltr'>ac</span> <span class='ocrx_word' id='word_1_262' title='bbox 520 2211 727 2263; x_wconf 76' lang='lat' dir='ltr'>Collegae,</span> <span class='ocrx_word' id='word_1_263' title='bbox 765 2209 919 2249; x_wconf 86' lang='lat' dir='ltr'>nullam</span> <span class='ocrx_word' id='word_1_264' title='bbox 949 2210 1087 2246; x_wconf 89' lang='lat' dir='ltr'>tamen</span> <span class='ocrx_word' id='word_1_265' title='bbox 1120 2205 1164 2245; x_wconf 91' lang='lat' dir='ltr'>in</span> <span class='ocrx_word' id='word_1_266' title='bbox 1204 2216 1276 2244; x_wconf 90' lang='lat' dir='ltr'>eos</span> <span class='ocrx_word' id='word_1_267' title='bbox 1309 2203 1388 2244; x_wconf 89' lang='lat' dir='ltr'>sibi</span> <span class='ocrx_word' id='word_1_268' title='bbox 1425 2204 1627 2256; x_wconf 80' lang='lat' dir='ltr'>arrogavit</span> <span class='ocrx_word' id='word_1_269' title='bbox 1662 2207 1936 2256; x_wconf 78' lang='lat' dir='ltr'>potestatem,</span> <span class='ocrx_word' id='word_1_270' title='bbox 1981 2203 2056 2242; x_wconf 90' lang='lat' dir='ltr'>sed</span> <span class='ocrx_word' id='word_1_271' title='bbox 2084 2217 2215 2243; x_wconf 88' lang='lat' dir='ltr'>unun-</span> 
     </span>
     <span class='ocr_line' id='line_1_28' title="bbox 288 2282 2215 2347; baseline -0.007 -12"><span class='ocrx_word' id='word_1_272' title='bbox 288 2305 492 2347; x_wconf 84' lang='lat' dir='ltr'>quemque</span> <span class='ocrx_word' id='word_1_273' title='bbox 528 2291 658 2331; x_wconf 88' lang='lat' dir='ltr'>officii</span> <span class='ocrx_word' id='word_1_274' title='bbox 710 2289 773 2328; x_wconf 88' lang='lat' dir='ltr'>sui</span> <span class='ocrx_word' id='word_1_275' title='bbox 820 2288 1022 2327; x_wconf 85' lang='lat' dir='ltr'>rationem</span> <span class='ocrx_word' id='word_1_276' title='bbox 1068 2284 1157 2324; x_wconf 86' lang='lat' dir='ltr'>Deo</span> <span class='ocrx_word' id='word_1_277' title='bbox 1208 2283 1386 2322; x_wconf 84' lang='lat' dir='ltr'>reddere</span> <span class='ocrx_word' id='word_1_278' title='bbox 1429 2295 1572 2335; x_wconf 89' lang='lat' dir='ltr'>passus</span> <span class='ocrx_word' id='word_1_279' title='bbox 1617 2286 1691 2321; x_wconf 87' lang='lat' dir='ltr'>est.</span> <span class='ocrx_word' id='word_1_280' title='bbox 1778 2282 1909 2333; x_wconf 77' lang='lat' dir='ltr'>Quam</span> <span class='ocrx_word' id='word_1_281' title='bbox 1956 2282 2118 2323; x_wconf 86' lang='lat' dir='ltr'>diverse</span> <span class='ocrx_word' id='word_1_282' title='bbox 2164 2283 2215 2322; x_wconf 86' lang='lat' dir='ltr'>ab</span> 
     </span>
     <span class='ocr_line' id='line_1_29' title="bbox 289 2361 2216 2425; baseline -0.006 -12"><span class='ocrx_word' id='word_1_283' title='bbox 289 2372 517 2425; x_wconf 80' lang='lat' dir='ltr'>arrogantia</span> <span class='ocrx_word' id='word_1_284' title='bbox 546 2370 638 2418; x_wconf 88' lang='lat' dir='ltr'>illa,</span> <span class='ocrx_word' id='word_1_285' title='bbox 679 2368 797 2421; x_wconf 82' lang='lat' dir='ltr'>cujus</span> <span class='ocrx_word' id='word_1_286' title='bbox 825 2364 1024 2419; x_wconf 82' lang='lat' dir='ltr'>Episcopi</span> <span class='ocrx_word' id='word_1_287' title='bbox 1053 2363 1228 2403; x_wconf 87' lang='lat' dir='ltr'>Romani</span> <span class='ocrx_word' id='word_1_288' title='bbox 1258 2365 1415 2402; x_wconf 86' lang='lat' dir='ltr'>mature</span> <span class='ocrx_word' id='word_1_289' title='bbox 1450 2361 1668 2401; x_wconf 86' lang='lat' dir='ltr'>admodum</span> <span class='ocrx_word' id='word_1_290' title='bbox 1701 2361 1768 2401; x_wconf 88' lang='lat' dir='ltr'>rei</span> <span class='ocrx_word' id='word_1_291' title='bbox 1805 2362 1906 2402; x_wconf 88' lang='lat' dir='ltr'>facti</span> <span class='ocrx_word' id='word_1_292' title='bbox 1944 2362 2055 2402; x_wconf 88' lang='lat' dir='ltr'>sunt!</span> <span class='ocrx_word' id='word_1_293' title='bbox 2114 2363 2216 2413; x_wconf 75' lang='lat' dir='ltr'>Quae</span> 
     </span>
    </p>
   </div>
   <div class='ocr_carea' id='block_1_4' title="bbox 295 2479 2216 2496">
    <p class='ocr_par' dir='ltr' id='par_1_5' title="bbox 295 2479 2216 2496">
     <span class='ocr_line' id='line_1_30' title="bbox 295 2479 2216 2496; baseline 0 844"><span class='ocrx_word' id='word_1_294' title='bbox 295 2479 2216 2496; x_wconf 95' lang='lat' dir='ltr'> </span> 
     </span>
    </p>
   </div>
   <div class='ocr_carea' id='block_1_5' title="bbox 385 2549 1732 2741">
    <p class='ocr_par' dir='ltr' id='par_1_6' title="bbox 385 2549 1732 2741">
     <span class='ocr_line' id='line_1_31' title="bbox 385 2549 1732 2596; baseline -0.007 -2"><span class='ocrx_word' id='word_1_295' title='bbox 385 2560 472 2595; x_wconf 86' lang='lat' dir='ltr'>Hoc</span> <span class='ocrx_word' id='word_1_296' title='bbox 491 2568 582 2593; x_wconf 77' lang='lat' dir='ltr'>vcro</span> <span class='ocrx_word' id='word_1_297' title='bbox 605 2559 706 2591; x_wconf 77' lang='lat' dir='ltr'>certe</span> <span class='ocrx_word' id='word_1_298' title='bbox 726 2556 933 2591; x_wconf 84' lang='lat' dir='ltr'>tenendum</span> <span class='ocrx_word' id='word_1_299' title='bbox 963 2554 1132 2596; x_wconf 86' lang='lat' dir='ltr'>videtur,</span> <span class='ocrx_word' id='word_1_300' title='bbox 1171 2563 1233 2586; x_wconf 83' lang='lat' dir='ltr'>ca-</span> <span class='ocrx_word' id='word_1_301' title='bbox 1306 2549 1340 2577; x_wconf 82' lang='lat'>16</span> <span class='ocrx_word' id='word_1_302' title='bbox 1367 2549 1559 2584; x_wconf 85' lang='lat' dir='ltr'>Bochmer</span> <span class='ocrx_word' id='word_1_303' title='bbox 1589 2561 1625 2594; x_wconf 81' lang='lat' dir='ltr'>p.</span> <span class='ocrx_word' id='word_1_304' title='bbox 1651 2549 1732 2585; x_wconf 78' lang='lat'>210.</span> 
     </span>
     <span class='ocr_line' id='line_1_32' title="bbox 388 2626 1234 2671; baseline -0.008 -7"><span class='ocrx_word' id='word_1_305' title='bbox 388 2640 517 2671; x_wconf 85' lang='lat' dir='ltr'>nones,</span> <span class='ocrx_word' id='word_1_306' title='bbox 547 2628 618 2662; x_wconf 86' lang='lat' dir='ltr'>sub</span> <span class='ocrx_word' id='word_1_307' title='bbox 643 2628 725 2671; x_wconf 80' lang='lat' dir='ltr'>ejus</span> <span class='ocrx_word' id='word_1_308' title='bbox 745 2626 897 2661; x_wconf 85' lang='lat' dir='ltr'>nominc</span> <span class='ocrx_word' id='word_1_309' title='bbox 920 2626 1097 2671; x_wconf 67' lang='lat' dir='ltr'>vulgatos</span> <span class='ocrx_word' id='word_1_310' title='bbox 1116 2650 1126 2667; x_wconf 83' lang='lat'>,</span> <span class='ocrx_word' id='word_1_311' title='bbox 1154 2634 1234 2658; x_wconf 81' lang='lat' dir='ltr'>csse</span> 
     </span>
     <span class='ocr_line' id='line_1_33' title="bbox 390 2694 953 2741; baseline -0.009 -7"><span class='ocrx_word' id='word_1_312' title='bbox 390 2699 589 2735; x_wconf 77' lang='lat' dir='ltr'>Africanos</span> <span class='ocrx_word' id='word_1_313' title='bbox 620 2700 658 2732; x_wconf 85' lang='lat' dir='ltr'>ct</span> <span class='ocrx_word' id='word_1_314' title='bbox 683 2696 800 2741; x_wconf 80' lang='lat' dir='ltr'>hujus</span> <span class='ocrx_word' id='word_1_315' title='bbox 821 2694 953 2731; x_wconf 77' lang='lat' dir='ltr'>aetatis.</span> 
     </span>
    </p>
   </div>
  </div>
 </body>
</html>
