2341 3340
1031 138 1130 184 119

128 276 261 318 secuti
288 279 381 317 sunt
418 276 598 328 quinque
625 275 686 317 illi
724 287 825 328 quos
849 274 1040 316 adversus
1068 275 1325 317 Marcionem
1361 279 1492 320 edidit
1519 282 1634 333 libri,
1671 285 1878 339 hodieque
1905 301 2045 342 super-

127 355 256 396 stites.
314 355 378 395 Ex
413 359 597 395 accurata
623 355 693 395 illa
729 359 771 394 et
798 355 1046 406 singularum
1086 366 1213 407 penes
1244 355 1508 399 Marcionitas
1550 375 1686 404 rerum
1721 367 1884 416 notitia,
1925 380 2044 419 quam

127 435 262 475 hocce
292 447 393 487 opus
424 434 575 483 ubique
602 433 752 484 prodit,
783 434 932 483 elucet,
961 436 1108 485 quanta
1140 446 1236 473 cura
1265 439 1493 487 quantoque
1518 431 1652 480 Studio
1663 442 1882 495 Septimius
1906 451 2045 488 noster

128 513 270 554 oculos
302 513 345 552 in
369 523 438 551 eos
470 511 727 551 converterit.
784 512 939 552 Eorum
968 517 1102 552 autem
1136 511 1334 552 doctrinae
1365 516 1533 565 semina,
1568 531 1690 569 quum
1723 521 1866 562 Romae
1892 523 2044 566 diutius

128 591 366 631 commorati
397 590 591 637 fuissent,
639 590 689 629 ab
721 590 875 643 Hygini
908 591 1097 631 nimirum
1129 591 1324 643 Episcopi
1359 595 1543 645 tempore
1582 594 1710 649 (anno
1740 598 1894 640 Christi
1923 592 2044 655 142),

127 681 207 721 quo
235 668 434 708 Ecclesiae
469 667 666 707 Romanae
694 669 940 721 praesidente
970 669 1156 710 Marcion
1188 670 1230 709 in
1257 670 1365 709 hanc
1385 674 1630 725 metropolin
1662 677 1820 716 venisse
1850 691 2045 732 suamque

127 749 278 787 sectam
307 747 539 787 condidisse
568 747 700 787 fertur
711 746 742 796 3,
777 748 900 789 facile
931 749 1022 788 fieri
1050 749 1196 801 potuit,
1223 752 1279 791 ut
1291 753 1446 789 mature
1463 750 1749 804 Carthaginem
1773 755 2046 809 deferrentur,

125 824 312 865 fortassis
340 825 389 865 ab
412 826 501 879 ipso
533 826 758 875 Marcione,
788 839 907 878 quem
941 829 1181 880 placitorum
1211 840 1373 868 suorum
1395 842 1470 881 per
1493 831 1706 871 ecclesiam
1725 829 2044 887 spargendorum

128 916 251 944 causa
276 917 419 957 magna
447 905 593 944 itinera
623 907 852 958 suscepisse
881 907 1144 958 perhibent43
1183 906 1292 946 unde
1329 920 1493 959 quoque
1521 909 1788 962 intelligitur,
1830 926 1901 953 eos
1933 915 2047 956 brevi

127 986 312 1035 tempore
346 986 558 1036 tantopere
594 985 733 1036 augeri
765 985 960 1037 potuisse.
1016 986 1109 1026 Hoc
1137 987 1246 1025 enim
1279 985 1521 1026 Tertulliani
1557 987 1739 1029 indicant
1768 977 1911 1041 verba,
1956 993 2043 1034 adv.

127 1059 382 1102 Marcionem
413 1061 480 1103 IV.
511 1061 551 1102 5.
578 1065 763 1115 faciunt
780 1066 918 1116 savos
951 1072 996 1107 et
1031 1079 1194 1120 vespae,
1219 1065 1404 1117 faciunt
1436 1067 1639 1107 ecclesias
1672 1074 1716 1108 et
1746 1070 2041 1114 IlIarcz‘om’tae.

129 1140 271 1191 Itaque
299 1141 343 1180 in
373 1140 515 1181 Africa
547 1153 708 1194 quoque
745 1143 794 1183 ab
829 1144 918 1196 ipso
949 1143 1162 1184 Marcione
1205 1143 1336 1182 aliove
1372 1143 1460 1196 ejus
1491 1144 1715 1198 disciplinae
1748 1149 1910 1189 alumno
1944 1163 2040 1191 con-

127 1217 203 1259 diti
238 1223 332 1259 flunt
365 1219 487 1273 hujus
524 1224 648 1259 sectae
685 1224 846 1270 coetus,
889 1222 1035 1273 quibus
1068 1220 1343 1273 praesidebant
1373 1221 1569 1275 Episcopi
1607 1228 1728 1275 atque
1771 1225 2043 1279 Presbyteri-²1,

127 1297 228 1337 licet
251 1297 526 1338 Tertullianus
555 1300 666 1338 nullo
696 1300 789 1338 loco
816 1300 963 1339 horum
994 1299 1245 1339 mentionem
1271 1298 1406 1339 faciat.
1465 1300 1672 1351 Ceterum,
1712 1315 1830 1353 quam
1859 1311 2045 1347 accurate

128 1375 394 1417 Marcionitas
426 1378 597 1425 noverit,
636 1375 715 1430 ipsi
743 1377 833 1430 ejus
863 1378 971 1427 libri,
1004 1377 1115 1429 quod
1135 1378 1222 1431 jam
1250 1380 1406 1429 monui,
1432 1383 1643 1421 testantur.
1699 1382 1854 1422 Eorum
1885 1397 2044 1437 quoque

126 1454 431 1509 Evangeliumss,
461 1456 570 1507 quod
602 1469 712 1509 saepe
741 1457 903 1506 excitat,
936 1457 1134 1510 cujusque
1163 1457 1311 1498 aLuca
1342 1462 1480 1498 nostro
1510 1459 1818 1513 discrepantiam
1840 1463 1977 1503 multis
2003 1465 2044 1505 in

126 1534 230 1574 locis
255 1538 388 1584 notat,
427 1547 504 1574 nec
532 1548 613 1575 non
642 1535 918 1588 Epistularum
940 1535 1199 1576 Paulinarum
1225 1537 1495 1577 adulteratum
1513 1530 1637 1587 illud,
1677 1552 1755 1590 quo
1785 1540 2043 1584 Marcionitae

128 1613 193 1653 usi
219 1615 325 1662 sunt,
358 1614 564 1666 exemplar
590 1615 777 1655 manibus
804 1615 991 1656 versavit.
1052 1615 1145 1655 Hoc
1169 1628 1279 1665 vero,
1313 1619 1359 1655 ut
1386 1620 1427 1656 et
1457 1617 1585 1669 ipsius
1605 1617 1828 1658 Marcionis
1858 1620 2043 1671 quaedam

129 1691 308 1744 scripta,
349 1704 373 1731 a
408 1692 654 1732 Marcionita
692 1693 865 1744 quodam
898 1694 942 1733 in
977 1694 1176 1747 gremium
1207 1693 1408 1733 Ecclesiae
1442 1693 1665 1735 Catholicae
1697 1696 1872 1746 reduce,
1915 1699 1980 1739 vel
2022 1713 2042 1739 a

131 1770 392 1810 Montanistis
425 1782 518 1809 suas
556 1771 599 1810 in
634 1775 771 1824 partes
807 1772 977 1821 allecto,
1028 1773 1234 1823 acce-pisse
1269 1773 1444 1812 videtur.
1523 1773 1646 1813 Novit
1684 1775 1792 1813 enim
1831 1777 2042 1828 epistolam

129 1847 329 1899 quandam
374 1847 597 1888 Marcionis
643 1846 754 1903 (adV.
783 1849 1041 1890 Marcionem
1073 1848 1142 1890 IV.
1178 1861 1213 1889 c.
1244 1851 1284 1889 4.
1332 1851 1384 1890 de
1420 1864 1541 1892 carne
1572 1852 1725 1893 Christi
1761 1865 1796 1891 c.
1821 1850 1883 1907 2.)
1924 1866 2042 1905 quam

127 1926 413 1968 Haeresiarcha
437 1928 501 1967 vix
524 1940 619 1967 cum
648 1927 762 1976 aliis,
800 1927 880 1967 nisi
909 1940 994 1967 suae
1025 1931 1150 1967 sectae
1183 1929 1362 1978 asseclis,
1403 1930 1779 1970 communicandam
1811 1932 2040 1984 scripserat,

129 2011 173 2047 et
199 2010 349 2059 praeter
382 2007 489 2047 hanc
519 2006 705 2060 ejusdem
734 2006 912 2047 hominis
949 2005 1211 2057 Antitheses,
1251 2008 1301 2048 ab
1342 2008 1528 2061 Augusto
1565 2008 1689 2049 Hahn
1718 2007 1767 2050 V.
1795 2010 1844 2050 D.
1874 2023 1925 2051 ex
1952 2012 2039 2065 ipso

178 2173 197 2202 3
217 2171 317 2207 Ibid.
344 2183 380 2217 p.
401 2172 484 2207 494.
1154 2170 1173 2199 6
1194 2171 1251 2205 De
1271 2171 1345 2205 hoc
1362 2171 1571 2217 Evangelio
1595 2171 1683 2206 vide
1704 2182 1789 2217 111113Γ
1810 2184 1931 2217 nuper
1951 2184 2037 2209 eru-

178 2263 198 2292 4
221 2263 356 2300 walch
389 2265 415 2298 l·
444 2263 470 2298 L
502 2275 538 2308 P·
568 2263 649 2298 491·
705 2261 787 2298 Alii
825 2261 1065 2299 Marcionem.
1201 2239 1284 2275 dite>
1310 2240 1553 2284 disputarunt
1577 2241 1783 2276 Duumviri
1803 2241 2037 2287 Regiomon-
2100 2265 2103 2268 <

228 2336 399 2368 statuunt
435 2331 608 2367 floruisse
635 2330 855 2372 Eleutherii
889 2335 1060 2377 tempore
1199 2310 1293 2351 tani’
1317 2310 1510 2356 Augusms
1530 2311 1675 2345 Halm*
1696 2311 1772 2345 Das
1784 2311 2036 2357 Evangelium

229 2413 358 2438 versus
402 2401 546 2436 exitum
583 2413 659 2435 sec.
686 2401 738 2437 H·
800 2399 908 2438 obiit
957 2401 1061 2437 enim
1199 2379 1388 2415 Marcions
1415 2379 1452 2413 in
1474 2379 1597 2414 seiner
1621 2380 1940 2426 urspriinglichen
1961 2382 2035 2417 Ge-

226 2471 472 2506 Eleutherius
502 2482 595 2506 anno
617 2471 700 2507 192·
1202 2450 1300 2484 stalt.
1317 2448 1494 2495 Regiom.
1518 2449 1621 2485 1823.
1641 2454 1677 2485 et
1687 2450 1928 2495 Hermannus
1951 2450 2036 2487 ols-

1198 2520 1367 2561 hausen,
1405 2519 1443 2553 in
1469 2520 1599 2554 libro:
1637 2520 1708 2554 Dic
1729 2519 1935 2555 Aechtheit
1970 2521 2037 2554 der

180 2587 447 2622 5-Kirchliche
476 2586 741 2623 Alterthumer
768 2587 836 2624 der
857 2588 1061 2625 Gnostiker
1199 2588 1283 2623 vier
1315 2588 1563 2623 cauonischen
1593 2588 1825 2635 Evangelien
1861 2600 1928 2624 aus
1969 2590 2036 2624 der

228 2670 265 2703 p.
282 2656 340 2693 18.
367 2660 405 2692 et
430 2657 488 2694 24.
794 2688 802 2692 ,
1202 2658 1431 2693 Geschichte
1463 2645 1650 2693 der'zwei
1681 2662 1805 2693 ersten
1839 2658 2035 2694 Jahrhun-

1201 2727 1307 2763 derte
1331 2727 1524 2763 erwiesen.
1551 2727 1644 2762 ibid.
1666 2726 1769 2762 1823.
