2341 3340
1192 122 1260 168 20

266 270 442 327 quantis
473 267 659 322 ignibus,
693 269 868 330 quantis
896 265 1059 320 gladiis
1084 278 1192 320 opus
1216 265 1330 305 erit?
1390 263 1503 316 Quid
1531 265 1627 319 ipsa
1651 265 1875 318 Carthago
1904 278 2093 319 passura
2116 271 2196 314 est,

269 347 527 391 decimanda
557 361 584 388 a
618 354 675 394 te,
708 360 803 386 cnm
828 348 1115 401 propinquos,
1155 359 1250 386 cnm
1284 343 1619 384 contubernales
1650 358 1750 385 snos
1782 345 1873 384 illic
1906 346 2198 401 unusquisqne

270 429 555 483 cognoverit,
602 441 696 467 cam
735 426 904 467 >viderit
942 427 1147 479 fortasse
1193 430 1237 465 et
1279 425 1349 465 tui
1390 423 1559 464 ordinis
1607 427 1725 466 viros
1759 430 1804 466 et
1850 425 2108 473 matronas,
2154 426 2200 466 et

268 508 540 564 principales
557 520 740 561 quasque
765 519 980 560 personas
1007 510 1052 546 et
1071 505 1308 545 amicorum
1334 509 1510 545 tuorum
1537 506 1607 545 vel
1631 507 1904 560 propinquos
1925 505 1993 545 vel
2011 504 2199 545 amicos?

270 587 318 629 In
347 587 492 639 quibus
530 585 696 637 quidem
729 585 864 624 verbis
899 585 1113 624 rhetorem
1144 583 1267 623 facile
1307 595 1527 636 agnosces:
1574 591 1750 636 namque
1783 598 1843 633 ea,
1885 597 1977 635 quae
2009 582 2062 622 de
2090 581 2200 622 deci-'-

239 663 242 666 ’
269 667 416 708 manda
449 665 697 718 Carthagine
725 665 865 714 habet,
903 664 955 704 ad
983 665 1145 703 literam
1176 662 1285 703 haud
1317 663 1587 716 intelligenda
1616 677 1707 703 esse
1736 677 1811 717 per
1835 676 1880 703 se
1910 665 2036 715 patet,
2076 673 2200 714 quum

271 741 522 798 Carthagini,
559 745 704 794 Roma,
746 758 837 797 quae
853 745 972 797 juxta
992 743 1170 784 Gibboni
1186 743 1366 783 calculos
1386 743 1609 793 1,20o,ooo
1629 740 2009 790 habuit'incolas1⁹‚
2038 740 2200 786 minori,

269 827 337 867 vix
370 825 581 865 dimidiam
615 837 757 863 eorum
795 827 954 876 partem
990 823 1175 863 tribuere
1213 822 1393 862 liceat20.
1450 823 1596 875 Neque
1630 822 1854 876 premenda
1888 824 1983 860 sunt
2008 820 2132 860 verba
2159 821 2201 859 in

272 905 422 946 eodem
452 904 560 943 libro
590 916 625 943 c.
648 903 710 952 2.,
750 903 822 943 ubi
849 909 1024 957 partem
1048 914 1181 957 paene
1211 902 1422 955 majorem
1451 904 1646 943 civitatis
1672 903 1872 956 cujusque
1906 901 2202 942 Christianam

271 999 364 1026 esse
394 985 585 1031 assera,-
630 983 776 1022 eadem
806 982 917 1021 enim
948 982 1042 1021 haec
1073 981 1267 1033 leguntur
1302 992 1468 1031 quoque
1504 981 1548 1019 in
1585 981 1848 1033 Apologetici
1886 993 1921 1020 c.
1945 980 2035 1019 37.:
2086 991 2202 1019 nnnc

272 1066 388 1104 enim
411 1063 648 1117 panciores
676 1062 821 1102 hostes
849 1062 1017 1101 habetis
1046 1073 1145 1115 proe
1171 1059 1454 1100 multitudine
1478 1060 1829 1101 Christianorum
1853 1075 1986 1115 paene
2013 1061 2202 1101 omnium

272 1144 514 1184 civitatum.
586 1139 670 1179 Sed
704 1144 818 1180 certo
858 1144 996 1180 tamen
1038 1138 1268 1191 colligitur,
1313 1151 1506 1192 magnum
1547 1139 1792 1179 Tertulliani
1833 1143 1953 1179 aetate
1987 1141 2032 1179 in
2062 1138 2204 1179 Africa

271 1221 403 1277 fuisse
432 1219 760 1259 Christianorum
787 1233 1018 1268 numerum,
1052 1219 1256 1268 virorum,
1287 1219 1548 1268 feminarum,
1580 1232 1658 1259 nec
1681 1218 1939 1271 plebejorum
1961 1221 2130 1268 tantum,
2157 1221 2206 1257 ut

274 1300 560 1354 agricolarum,
596 1300 822 1349 fabrorum,
861 1300 1071 1353 opificum,
1104 1301 1393 1349 mercatorum,
1420 1311 1562 1339 verum
1592 1300 1715 1339 etiam
1739 1299 1973 1348 illustrium,
2003 1297 2204 1350 equestris

274 1380 428 1432 quippe
448 1383 490 1419 et
507 1380 701 1419 senatorii
727 1379 896 1419 ordinis.
952 1379 1008 1418 Et
1020 1378 1240 1419 Senatores
1264 1391 1427 1431 quoque
1443 1378 1696 1418 Christianos
1711 1379 1853 1427 fuisse,
1883 1391 2045 1419 carmen
2060 1376 2207 1430 probat

274 1462 481 1499 vetustum
511 1459 644 1512 ignoti
675 1459 874 1508 auctoris,
914 1459 985 1511 qui
1012 1463 1150 1500 tamen
1181 1459 1294 1499 haud
1317 1458 1442 1498 dubie
1470 1458 1551 1498 fuit
1579 1457 1746 1508 Afer21,
1764 1458 1836 1498 ·ad
1866 1458 2104 1498 Senatorem
2135 1457 2218 1508 qui¹

275 1538 501 1582 defecerat.
568 1538 661 1579 Hoc
696 1538 864 1591 quidem
887 1538 959 1591 jus
989 1539 1099 1591 quod
1125 1539 1308 1579 honores
1335 1538 1506 1591 adipisci
1537 1542 1724 1591 possent,
1767 1538 1992 1578 Christiani
2020 1537 2205 1577 fortassis

276 1619 495 1660 Antoninis
525 1622 743 1671 acceptum
774 1617 935 1658 referre
969 1617 1202 1667 debebant,
1240 1631 1363 1670 quum
1400 1631 1424 1656 a
1458 1617 1602 1657 Marco
1634 1618 1734 1670 ipsis
1763 1618 1920 1658 Judaeis
1963 1629 2205 1657 concessum

300 1791 336 1819 19
361 1792 460 1826 Cum
482 1792 556 1825 hoc
569 1789 738 1825 Gibboni
757 1791 904 1825 calculo
930 1791 1013 1825 fere
1031 1789 1223 1834 conspirat
1365 1789 1533 1822 bendere
1547 1788 1621 1822 sibi
1640 1789 1766 1823 visum
1789 1800 1882 1831 esse,
1912 1792 2082 1823 ettotam
2106 1790 2204 1823 mul-

371 1859 806 1905 ille,que1nB1·otierius
817 1860 857 1894 in
869 1860 971 1895 notis
983 1860 1221 1895 adTacitum
1362 1854 1569 1892 titudinem
1600 1858 1649 1892 ad
1676 1857 1722 1892 40
1758 1858 1913 1893 circiter
1940 1859 2066 1893 millia
2094 1859 2204 1894 redc-

374 1930 553 1973 exhibet,
581 1929 800 1972 1‚188‚coo,
842 1931 1005 1965 rotundo
1037 1941 1219 1974 numcro;

373 2012 464 2036 nam
485 1999 555 2035 162
573 1999 683 2043 illos,
712 2011 805 2046 quos
824 2000 953 2044 addit,
991 2003 1173 2036 tacemus.

1363 1927 1476 1973 gisse.
1527 1928 1704 1975 Basnage
1730 1930 1864 1964 Exere.
1896 1929 2034 1964 Barou.
2066 1942 2100 1974 p.
2122 1929 2204 1965 532,

1362 1998 1439 2044 Qui
1465 1998 1617 2041 calculi,
1644 1999 1678 2034 si
1700 2003 1803 2035 recte
1829 1999 2009 2034 subducti
2031 2006 2131 2042 sunt,
2157 2002 2203 2036 ad

1362 2070 1575 2104 Ecclesiam
1613 2069 1970 2116 Carthaginiensem
2012 2070 2203 2116 Cypriam»

303 2111 340 2141 20
366 2110 519 2146 Gibbon
543 2109 707 2155 History
740 2110 783 2144 of
803 2110 870 2144 thc
884 2109 1031 2144 decline
1052 2110 1125 2144 and
1150 2110 1221 2144 fall
1361 2140 1549 2185 Episcopo
1575 2140 1757 2185 'lppliffiti
1824 2141 1969 2175 dabunt
2001 2140 2101 2174 forte
2130 2139 2183 2174 vir

1575 2161 1585 2174 ι
1702 2161 1711 2175 (
1777 2166 1788 2183 ‚
2141 2166 2147 2172 ,
2188 2161 2203 2166 -

375 2183 420 2217 of
440 2182 506 2216 the
518 2181 668 2214 Roman
678 2179 849 2225 Empirc,
875 2180 932 2214 ed.
948 2180 1064 2214 Basil.
1079 2181 1161 2215 Vol.
1176 2182 1219 2215 V.

378 2264 408 2287 c.
421 2251 479 2287 31.
503 2264 539 2296 p.
557 2250 638 2285 237.
677 2250 811 2293 Video,
837 2250 1058 2285 Gilbertum
1070 2250 1221 2284 Burne-

383 2326 469 2358 tum
485 2322 718 2367 Episcopum
739 2320 1061 2355 Sarisberiensem
1086 2320 1127 2355 in
1151 2320 1222 2356 Iti-

377 2392 528 2428 nerario
551 2390 742 2426 Helvetiae
766 2390 963 2435 Italiaeque
985 2402 1031 2425 cx
1055 2391 1223 2426 Cornelii

379 2461 551 2508 Epistola
584 2461 631 2495 ad
657 2460 823 2495 Fabium
851 2459 1009 2504 (Euscb.
1027 2462 1077 2496 ΙΙ.
1097 2462 1140 2495 Ε.
1159 2462 1222 2495 VI.

381 2546 412 2569 c.
445 2532 521 2578 43.)
566 2531 606 2566 in
636 2541 710 2575 qua
758 2542 940 2565 numerus
984 2531 1223 2566 Clericorum

381 2605 644 2639 Romanorum
669 2612 766 2636 anno
786 2601 856 2636 ‘251
878 2604 1121 2643 recensetur,
1154 2613 1223 2635 nn-

380 2684 530 2709 merum
543 2671 866 2714 Christianorum,
893 2670 1032 2716 quibus
1060 2682 1104 2706 eo
1125 2674 1223 2706 tem-

380 2754 470 2788 pore
482 2741 654 2777 Ecclesia
666 2742 841 2778 Romana
854 2741 1061 2784 constabat,
1088 2741 1223 2787 depre-

1363 2211 1461 2246 citer
1475 2210 1591 2245 23000
1603 2210 1910 2245 Christianorum
1928 2210 1967 2244 in
1979 2210 2052 2245 hac
2064 2211 2204 2246 Africae

1363 2280 1579 2326 metropoli.
1639 2279 1800 2315 Veniam
1848 2281 2030 2316 concedet
2078 2292 2204 2325 aeqnns

1364 2353 1506 2393 lector,
1542 2350 1643 2396 quod
1671 2350 1776 2386 hisce
1811 2351 2039 2396 conjecturis
2077 2351 2202 2386 indul-

1366 2432 1536 2469 geamus.

1294 2531 1327 2561 21
1355 2532 1397 2567 In
1437 2530 1604 2566 editione
1635 2529 1819 2576 Cypriani
1855 2527 2059 2564 Oxoniensi
2089 2528 2202 2568 1682,

1365 2605 1450 2647 post
1491 2601 1673 2646 opuscula
1712 2600 1872 2634 Arnoldi
1914 2598 2062 2633 abbatis
2090 2597 2202 2633 Bonae

1365 2671 1506 2714 Vallis,
1541 2682 1616 2716 qua
1648 2674 1862 2705 constanter
1885 2668 1945 2703 usi
1969 2679 2124 2710 sumne,
2165 2669 2203 2702 id

1364 2742 1464 2787 quod
1485 2741 1602 2776 semel
1624 2740 1814 2775 monuisse
1839 2739 2017 2774 sufficiat.
