<?xml version="1.0" encoding="UTF-8"?>
<!DOCTYPE html PUBLIC "-//W3C//DTD XHTML 1.0 Transitional//EN"
    "http://www.w3.org/TR/xhtml1/DTD/xhtml1-transitional.dtd">
<html xmlns="http://www.w3.org/1999/xhtml" xml:lang="en" lang="en">
 <head>
  <title>
</title>
<meta http-equiv="Content-Type" content="text/html;charset=utf-8" />
  <meta name='ocr-system' content='tesseract 3.04.00' />
  <meta name='ocr-capabilities' content='ocr_page ocr_carea ocr_par ocr_line ocrx_word'/>
</head>
<body>
  <div class='ocr_page' id='page_1' title='image "./fredericimnter00mn_0105.png"; bbox 0 0 2341 3340; ppageno 0'>
   <div class='ocr_carea' id='block_1_1' title="bbox 1061 164 1126 209">
    <p class='ocr_par' dir='ltr' id='par_1_1' title="bbox 1061 164 1126 209">
     <span class='ocr_line' id='line_1_1' title="bbox 1061 164 1126 209; baseline -0.015 0"><span class='ocrx_word' id='word_1_1' title='bbox 1061 164 1126 209; x_wconf 79' lang='lat'>93</span> 
     </span>
    </p>
   </div>
   <div class='ocr_carea' id='block_1_2' title="bbox 117 287 2050 2088">
    <p class='ocr_par' dir='ltr' id='par_1_2' title="bbox 117 287 2050 2088">
     <span class='ocr_line' id='line_1_2' title="bbox 141 287 2048 354; baseline 0.004 -9"><span class='ocrx_word' id='word_1_2' title='bbox 141 305 246 346; x_wconf 85' lang='lat' dir='ltr'>adeo</span> <span class='ocrx_word' id='word_1_3' title='bbox 275 308 338 346; x_wconf 85' lang='lat' dir='ltr'>est</span> <span class='ocrx_word' id='word_1_4' title='bbox 367 287 529 354; x_wconf 77' lang='lat' dir='ltr'>manca,</span> <span class='ocrx_word' id='word_1_5' title='bbox 561 308 608 344; x_wconf 91' lang='lat' dir='ltr'>ut</span> <span class='ocrx_word' id='word_1_6' title='bbox 633 304 691 344; x_wconf 91' lang='lat' dir='ltr'>nil</span> <span class='ocrx_word' id='word_1_7' title='bbox 715 302 812 343; x_wconf 89' lang='lat' dir='ltr'>inde</span> <span class='ocrx_word' id='word_1_8' title='bbox 841 301 954 341; x_wconf 90' lang='lat' dir='ltr'>effici</span> <span class='ocrx_word' id='word_1_9' title='bbox 985 301 1125 353; x_wconf 82' lang='lat' dir='ltr'><strong>possit.</strong></span> <span class='ocrx_word' id='word_1_10' title='bbox 1191 300 1294 342; x_wconf 85' lang='lat' dir='ltr'>Eam</span> <span class='ocrx_word' id='word_1_11' title='bbox 1331 303 1521 343; x_wconf 89' lang='lat' dir='ltr'>nimirum</span> <span class='ocrx_word' id='word_1_12' title='bbox 1548 308 1665 346; x_wconf 86' lang='lat' dir='ltr'>unice</span> <span class='ocrx_word' id='word_1_13' title='bbox 1695 309 1829 350; x_wconf 83' lang='lat' dir='ltr'><strong>adfert</strong></span> <span class='ocrx_word' id='word_1_14' title='bbox 1856 310 2048 352; x_wconf 84' lang='lat' dir='ltr'>adversus</span> 
     </span>
     <span class='ocr_line' id='line_1_3' title="bbox 140 378 2046 435; baseline 0.004 -12"><span class='ocrx_word' id='word_1_15' title='bbox 140 383 397 432; x_wconf 84' lang='lat' dir='ltr'>Novatianos‚</span> <span class='ocrx_word' id='word_1_16' title='bbox 426 385 495 435; x_wconf 90' lang='lat' dir='ltr'>qui</span> <span class='ocrx_word' id='word_1_17' title='bbox 520 382 664 422; x_wconf 91' lang='lat' dir='ltr'>eodem</span> <span class='ocrx_word' id='word_1_18' title='bbox 687 380 871 432; x_wconf 84' lang='lat' dir='ltr'>symbolo</span> <span class='ocrx_word' id='word_1_19' title='bbox 900 391 980 431; x_wconf 90' lang='lat' dir='ltr'>quo</span> <span class='ocrx_word' id='word_1_20' title='bbox 1011 378 1214 418; x_wconf 83' lang='lat' dir='ltr'>Catholici</span> <span class='ocrx_word' id='word_1_21' title='bbox 1241 381 1284 419; x_wconf 89' lang='lat' dir='ltr'>in</span> <span class='ocrx_word' id='word_1_22' title='bbox 1313 381 1511 433; x_wconf 84' lang='lat' dir='ltr'>baptismo</span> <span class='ocrx_word' id='word_1_23' title='bbox 1544 385 1792 425; x_wconf 86' lang='lat' dir='ltr'>conferendo</span> <span class='ocrx_word' id='word_1_24' title='bbox 1817 390 2046 429; x_wconf 87' lang='lat' dir='ltr'>utebantur.</span> 
     </span>
     <span class='ocr_line' id='line_1_4' title="bbox 142 458 2045 513; baseline 0.003 -11"><span class='ocrx_word' id='word_1_25' title='bbox 142 461 315 502; x_wconf 84' lang='lat' dir='ltr'>Unicam</span> <span class='ocrx_word' id='word_1_26' title='bbox 351 462 462 501; x_wconf 87' lang='lat' dir='ltr'>illam</span> <span class='ocrx_word' id='word_1_27' title='bbox 497 460 621 499; x_wconf 88' lang='lat' dir='ltr'>habet</span> <span class='ocrx_word' id='word_1_28' title='bbox 656 459 776 507; x_wconf 85' lang='lat' dir='ltr'>haec,</span> <span class='ocrx_word' id='word_1_29' title='bbox 819 463 861 498; x_wconf 86' lang='lat' dir='ltr'>et</span> <span class='ocrx_word' id='word_1_30' title='bbox 894 459 1064 511; x_wconf 85' lang='lat' dir='ltr'>epistola</span> <span class='ocrx_word' id='word_1_31' title='bbox 1096 458 1288 509; x_wconf 76' lang='lat' dir='ltr'>Cypriani</span> <span class='ocrx_word' id='word_1_32' title='bbox 1323 462 1365 497; x_wconf 84' lang='lat' dir='ltr'>et</span> <span class='ocrx_word' id='word_1_33' title='bbox 1393 459 1714 511; x_wconf 78' lang='lat' dir='ltr'>Episcoporum,</span> <span class='ocrx_word' id='word_1_34' title='bbox 1753 464 1823 513; x_wconf 91' lang='lat' dir='ltr'>qui</span> <span class='ocrx_word' id='word_1_35' title='bbox 1863 465 2045 507; x_wconf 86' lang='lat' dir='ltr'>Concilio</span> 
     </span>
     <span class='ocr_line' id='line_1_5' title="bbox 141 533 2046 596; baseline 0.003 -16"><span class='ocrx_word' id='word_1_36' title='bbox 141 538 464 592; x_wconf 81' lang='lat' dir='ltr'>Carthaginiensi</span> <span class='ocrx_word' id='word_1_37' title='bbox 493 536 797 585; x_wconf 81' lang='lat' dir='ltr'>interfuerunt,</span> <span class='ocrx_word' id='word_1_38' title='bbox 840 536 890 576; x_wconf 84' lang='lat' dir='ltr'>ad</span> <span class='ocrx_word' id='word_1_39' title='bbox 922 535 1118 575; x_wconf 85' lang='lat' dir='ltr'>Numidas</span> <span class='ocrx_word' id='word_1_40' title='bbox 1131 536 1207 575; x_wconf 76' lang='lat'>70:</span> <span class='ocrx_word' id='word_1_41' title='bbox 1267 533 1418 577; x_wconf 80' lang='lat' dir='ltr'>Credis</span> <span class='ocrx_word' id='word_1_42' title='bbox 1445 542 1739 581; x_wconf 74' lang='lat' dir='ltr'>remissionem</span> <span class='ocrx_word' id='word_1_43' title='bbox 1770 550 2046 596; x_wconf 81' lang='lat' dir='ltr'>peccatorum</span> 
     </span>
     <span class='ocr_line' id='line_1_6' title="bbox 140 614 2046 674; baseline 0.002 -16"><span class='ocrx_word' id='word_1_44' title='bbox 140 624 185 659; x_wconf 86' lang='lat' dir='ltr'>et</span> <span class='ocrx_word' id='word_1_45' title='bbox 211 619 345 658; x_wconf 86' lang='lat' dir='ltr'>vitam</span> <span class='ocrx_word' id='word_1_46' title='bbox 373 621 587 657; x_wconf 84' lang='lat' dir='ltr'>oeternam</span> <span class='ocrx_word' id='word_1_47' title='bbox 612 629 694 669; x_wconf 83' lang='lat' dir='ltr'>per</span> <span class='ocrx_word' id='word_1_48' title='bbox 724 620 923 656; x_wconf 77' lang='lat' dir='ltr'>sanctam</span> <span class='ocrx_word' id='word_1_49' title='bbox 953 616 1196 656; x_wconf 73' lang='lat' dir='ltr'>Ecclesiam</span> <span class='ocrx_word' id='word_1_50' title='bbox 1214 615 1242 655; x_wconf 79' lang='lat'>⁷.</span> <span class='ocrx_word' id='word_1_51' title='bbox 1316 614 1398 654; x_wconf 82' lang='lat' dir='ltr'>Sed</span> <span class='ocrx_word' id='word_1_52' title='bbox 1440 615 1530 654; x_wconf 82' lang='lat' dir='ltr'>duae</span> <span class='ocrx_word' id='word_1_53' title='bbox 1570 618 1856 668; x_wconf 79' lang='lat' dir='ltr'>antiquissimae</span> <span class='ocrx_word' id='word_1_54' title='bbox 1893 621 2046 674; x_wconf 80' lang='lat' dir='ltr'>regulae</span> 
     </span>
     <span class='ocr_line' id='line_1_7' title="bbox 139 693 2046 747; baseline 0.003 -13"><span class='ocrx_word' id='word_1_55' title='bbox 139 694 238 735; x_wconf 85' lang='lat' dir='ltr'>fidei</span> <span class='ocrx_word' id='word_1_56' title='bbox 266 694 475 746; x_wconf 83' lang='lat' dir='ltr'>leguntur,</span> <span class='ocrx_word' id='word_1_57' title='bbox 513 694 557 733; x_wconf 88' lang='lat' dir='ltr'>ni</span> <span class='ocrx_word' id='word_1_58' title='bbox 585 705 653 733; x_wconf 87' lang='lat' dir='ltr'>me</span> <span class='ocrx_word' id='word_1_59' title='bbox 685 694 818 733; x_wconf 90' lang='lat' dir='ltr'>omnia</span> <span class='ocrx_word' id='word_1_60' title='bbox 852 693 1025 741; x_wconf 85' lang='lat' dir='ltr'>fallunt,</span> <span class='ocrx_word' id='word_1_61' title='bbox 1063 693 1168 745; x_wconf 89' lang='lat' dir='ltr'>apud</span> <span class='ocrx_word' id='word_1_62' title='bbox 1199 693 1417 742; x_wconf 83' lang='lat' dir='ltr'>scriptores</span> <span class='ocrx_word' id='word_1_63' title='bbox 1445 694 1660 734; x_wconf 87' lang='lat' dir='ltr'>Africanos</span> <span class='ocrx_word' id='word_1_64' title='bbox 1691 697 1869 747; x_wconf 89' lang='lat' dir='ltr'>pluribus</span> <span class='ocrx_word' id='word_1_65' title='bbox 1899 700 2046 740; x_wconf 89' lang='lat' dir='ltr'>seculis</span> 
     </span>
     <span class='ocr_line' id='line_1_8' title="bbox 136 770 2046 827; baseline 0.002 -14"><span class='ocrx_word' id='word_1_66' title='bbox 136 772 400 813; x_wconf 83' lang='lat' dir='ltr'>recentiores.</span> <span class='ocrx_word' id='word_1_67' title='bbox 474 772 647 825; x_wconf 82' lang='lat' dir='ltr'>Vigilius</span> <span class='ocrx_word' id='word_1_68' title='bbox 681 783 828 823; x_wconf 82' lang='lat' dir='ltr'>nempe</span> <span class='ocrx_word' id='word_1_69' title='bbox 856 771 1073 823; x_wconf 85' lang='lat' dir='ltr'>Tapsensis</span> <span class='ocrx_word' id='word_1_70' title='bbox 1105 771 1133 810; x_wconf 89' lang='lat'>1.</span> <span class='ocrx_word' id='word_1_71' title='bbox 1157 770 1247 811; x_wconf 88' lang='lat' dir='ltr'>XII.</span> <span class='ocrx_word' id='word_1_72' title='bbox 1275 771 1328 810; x_wconf 82' lang='lat' dir='ltr'>de</span> <span class='ocrx_word' id='word_1_73' title='bbox 1357 771 1558 827; x_wconf 85' lang='lat' dir='ltr'>Trinitate</span> <span class='ocrx_word' id='word_1_74' title='bbox 1594 786 1634 825; x_wconf 89' lang='lat' dir='ltr'>p.</span> <span class='ocrx_word' id='word_1_75' title='bbox 1662 773 1759 813; x_wconf 82' lang='lat'>799.</span> <span class='ocrx_word' id='word_1_76' title='bbox 1793 775 1897 815; x_wconf 90' lang='lat' dir='ltr'>Bibl.</span> <span class='ocrx_word' id='word_1_77' title='bbox 1927 777 1974 817; x_wconf 86' lang='lat' dir='ltr'>P.</span> <span class='ocrx_word' id='word_1_78' title='bbox 2000 777 2046 817; x_wconf 89' lang='lat' dir='ltr'>P.</span> 
     </span>
     <span class='ocr_line' id='line_1_9' title="bbox 138 849 2045 895; baseline 0.001 -2"><span class='ocrx_word' id='word_1_79' title='bbox 138 851 270 893; x_wconf 87' lang='lat' dir='ltr'>Tomo</span> <span class='ocrx_word' id='word_1_80' title='bbox 298 851 407 893; x_wconf 91' lang='lat' dir='ltr'>VIII.</span> <span class='ocrx_word' id='word_1_81' title='bbox 438 851 490 891; x_wconf 89' lang='lat' dir='ltr'>ad</span> <span class='ocrx_word' id='word_1_82' title='bbox 518 863 674 890; x_wconf 89' lang='lat' dir='ltr'>sacrum</span> <span class='ocrx_word' id='word_1_83' title='bbox 705 850 906 888; x_wconf 83' lang='lat' dir='ltr'>lavacrum</span> <span class='ocrx_word' id='word_1_84' title='bbox 934 851 1142 889; x_wconf 83' lang='lat' dir='ltr'>venientes</span> <span class='ocrx_word' id='word_1_85' title='bbox 1176 849 1281 888; x_wconf 85' lang='lat' dir='ltr'>hanc</span> <span class='ocrx_word' id='word_1_86' title='bbox 1312 849 1529 890; x_wconf 89' lang='lat' dir='ltr'>formulam</span> <span class='ocrx_word' id='word_1_87' title='bbox 1561 852 1748 891; x_wconf 88' lang='lat' dir='ltr'>confiteri</span> <span class='ocrx_word' id='word_1_88' title='bbox 1776 854 1855 892; x_wconf 87' lang='lat' dir='ltr'>ait:</span> <span class='ocrx_word' id='word_1_89' title='bbox 1908 855 2045 895; x_wconf 83' lang='lat' dir='ltr'>Credo</span> 
     </span>
     <span class='ocr_line' id='line_1_10' title="bbox 137 929 2044 984; baseline 0.001 -12"><span class='ocrx_word' id='word_1_90' title='bbox 137 932 184 972; x_wconf 77' lang='lat' dir='ltr'>in</span> <span class='ocrx_word' id='word_1_91' title='bbox 201 932 343 972; x_wconf 82' lang='lat' dir='ltr'>Deum</span> <span class='ocrx_word' id='word_1_92' title='bbox 362 931 540 971; x_wconf 86' lang='lat' dir='ltr'>Patrem</span> <span class='ocrx_word' id='word_1_93' title='bbox 561 930 912 982; x_wconf 69' lang='lat' dir='ltr'>omnipotentem,</span> <span class='ocrx_word' id='word_1_94' title='bbox 943 933 987 968; x_wconf 82' lang='lat' dir='ltr'>et</span> <span class='ocrx_word' id='word_1_95' title='bbox 1014 929 1059 967; x_wconf 85' lang='lat' dir='ltr'>in</span> <span class='ocrx_word' id='word_1_96' title='bbox 1077 929 1221 968; x_wconf 86' lang='lat' dir='ltr'>Jesum</span> <span class='ocrx_word' id='word_1_97' title='bbox 1239 929 1454 969; x_wconf 76' lang='lat' dir='ltr'>Christum</span> <span class='ocrx_word' id='word_1_98' title='bbox 1472 931 1620 983; x_wconf 82' lang='lat' dir='ltr'>filium</span> <span class='ocrx_word' id='word_1_99' title='bbox 1641 931 1737 984; x_wconf 87' lang='lat' dir='ltr'>ejus</span> <span class='ocrx_word' id='word_1_100' title='bbox 1758 933 2044 984; x_wconf 74' lang='lat' dir='ltr'>unigenitam.</span> 
     </span>
     <span class='ocr_line' id='line_1_11' title="bbox 140 1004 2046 1062; baseline 0 -12"><span class='ocrx_word' id='word_1_101' title='bbox 140 1010 205 1051; x_wconf 78' lang='lat' dir='ltr'>Et</span> <span class='ocrx_word' id='word_1_102' title='bbox 240 1011 287 1050; x_wconf 81' lang='lat' dir='ltr'>in</span> <span class='ocrx_word' id='word_1_103' title='bbox 328 1008 543 1062; x_wconf 79' lang='lat' dir='ltr'>Spiritum</span> <span class='ocrx_word' id='word_1_104' title='bbox 586 1006 811 1047; x_wconf 86' lang='lat' dir='ltr'>Sanctum.</span> <span class='ocrx_word' id='word_1_105' title='bbox 878 1004 1004 1058; x_wconf 87' lang='lat' dir='ltr'>Cujus</span> <span class='ocrx_word' id='word_1_106' title='bbox 1038 1005 1275 1056; x_wconf 85' lang='lat' dir='ltr'>simplicitas</span> <span class='ocrx_word' id='word_1_107' title='bbox 1309 1006 1564 1057; x_wconf 82' lang='lat' dir='ltr'>brevitasque</span> <span class='ocrx_word' id='word_1_108' title='bbox 1603 1021 1731 1048; x_wconf 81' lang='lat' dir='ltr'>aevum</span> <span class='ocrx_word' id='word_1_109' title='bbox 1766 1009 2046 1061; x_wconf 88' lang='lat' dir='ltr'>Apostolicum</span> 
     </span>
     <span class='ocr_line' id='line_1_12' title="bbox 137 1083 2047 1137; baseline 0.001 -10"><span class='ocrx_word' id='word_1_110' title='bbox 137 1086 327 1127; x_wconf 86' lang='lat' dir='ltr'>redolere</span> <span class='ocrx_word' id='word_1_111' title='bbox 365 1083 576 1125; x_wconf 76' lang='lat' dir='ltr'>videturS:</span> <span class='ocrx_word' id='word_1_112' title='bbox 626 1089 668 1124; x_wconf 87' lang='lat' dir='ltr'>et</span> <span class='ocrx_word' id='word_1_113' title='bbox 703 1084 920 1125; x_wconf 85' lang='lat' dir='ltr'>Facundus</span> <span class='ocrx_word' id='word_1_114' title='bbox 952 1083 1278 1133; x_wconf 82' lang='lat' dir='ltr'>Hermianensis,</span> <span class='ocrx_word' id='word_1_115' title='bbox 1317 1085 1386 1136; x_wconf 89' lang='lat' dir='ltr'>qui</span> <span class='ocrx_word' id='word_1_116' title='bbox 1417 1084 1689 1137; x_wconf 78' lang='lat' dir='ltr'>fragmentum</span> <span class='ocrx_word' id='word_1_117' title='bbox 1726 1091 1883 1129; x_wconf 86' lang='lat' dir='ltr'>tantum</span> <span class='ocrx_word' id='word_1_118' title='bbox 1921 1089 2047 1130; x_wconf 86' lang='lat' dir='ltr'>habet</span> 
     </span>
     <span class='ocr_line' id='line_1_13' title="bbox 137 1162 804 1218; baseline -0.006 -12"><span class='ocrx_word' id='word_1_119' title='bbox 137 1166 181 1206; x_wconf 90' lang='lat' dir='ltr'>in</span> <span class='ocrx_word' id='word_1_120' title='bbox 209 1164 380 1218; x_wconf 83' lang='lat' dir='ltr'>epistola</span> <span class='ocrx_word' id='word_1_121' title='bbox 410 1164 510 1203; x_wconf 90' lang='lat' dir='ltr'>fidei</span> <span class='ocrx_word' id='word_1_122' title='bbox 543 1163 765 1203; x_wconf 78' lang='lat' dir='ltr'>Catholicae</span> <span class='ocrx_word' id='word_1_123' title='bbox 775 1162 804 1202; x_wconf 81' lang='grc'>9.</span> 
     </span>
     <span class='ocr_line' id='line_1_14' title="bbox 405 1242 2045 1298; baseline 0.002 -13"><span class='ocrx_word' id='word_1_124' title='bbox 405 1242 630 1285; x_wconf 81' lang='lat' dir='ltr'>Credimus</span> <span class='ocrx_word' id='word_1_125' title='bbox 679 1244 726 1282; x_wconf 87' lang='lat' dir='ltr'>in</span> <span class='ocrx_word' id='word_1_126' title='bbox 777 1256 912 1283; x_wconf 90' lang='lat' dir='ltr'>unum</span> <span class='ocrx_word' id='word_1_127' title='bbox 952 1244 1095 1284; x_wconf 89' lang='lat' dir='ltr'>Deum</span> <span class='ocrx_word' id='word_1_128' title='bbox 1134 1247 1310 1298; x_wconf 81' lang='lat' dir='ltr'>patrem</span> <span class='ocrx_word' id='word_1_129' title='bbox 1351 1244 1691 1297; x_wconf 80' lang='lat' dir='ltr'>omnipotentem</span> <span class='ocrx_word' id='word_1_130' title='bbox 1735 1249 1779 1285; x_wconf 87' lang='lat' dir='ltr'>et</span> <span class='ocrx_word' id='word_1_131' title='bbox 1823 1248 1869 1287; x_wconf 90' lang='lat' dir='ltr'>in</span> <span class='ocrx_word' id='word_1_132' title='bbox 1913 1261 2045 1289; x_wconf 88' lang='lat' dir='ltr'>unum</span> 
     </span>
     <span class='ocr_line' id='line_1_15' title="bbox 405 1322 2046 1377; baseline 0.002 -14"><span class='ocrx_word' id='word_1_133' title='bbox 405 1324 640 1364; x_wconf 87' lang='lat' dir='ltr'>Dominum</span> <span class='ocrx_word' id='word_1_134' title='bbox 673 1322 819 1361; x_wconf 85' lang='lat' dir='ltr'>Jesum</span> <span class='ocrx_word' id='word_1_135' title='bbox 851 1322 1070 1361; x_wconf 77' lang='lat' dir='ltr'>Christum</span> <span class='ocrx_word' id='word_1_136' title='bbox 1093 1323 1238 1376; x_wconf 83' lang='lat' dir='ltr'>filium</span> <span class='ocrx_word' id='word_1_137' title='bbox 1269 1322 1387 1374; x_wconf 87' lang='lat' dir='ltr'>ejus,</span> <span class='ocrx_word' id='word_1_138' title='bbox 1431 1327 1586 1362; x_wconf 83' lang='lat' dir='ltr'>natum</span> <span class='ocrx_word' id='word_1_139' title='bbox 1625 1337 1679 1362; x_wconf 71' lang='lat' dir='ltr'>ea·</span> <span class='ocrx_word' id='word_1_140' title='bbox 1711 1323 1884 1377; x_wconf 81' lang='lat' dir='ltr'>Spiritu</span> <span class='ocrx_word' id='word_1_141' title='bbox 1912 1325 1958 1366; x_wconf 84' lang='lat' dir='ltr'>S.</span> <span class='ocrx_word' id='word_1_142' title='bbox 2003 1334 2046 1367; x_wconf 85' lang='lat' dir='ltr'>et</span> 
     </span>
     <span class='ocr_line' id='line_1_16' title="bbox 404 1400 2044 1457; baseline 0.001 -16"><span class='ocrx_word' id='word_1_143' title='bbox 404 1402 554 1442; x_wconf 84' lang='lat' dir='ltr'>Maria</span> <span class='ocrx_word' id='word_1_144' title='bbox 587 1400 788 1453; x_wconf 80' lang='lat' dir='ltr'>Virgine,</span> <span class='ocrx_word' id='word_1_145' title='bbox 827 1400 903 1453; x_wconf 82' lang='lat' dir='ltr'>qui</span> <span class='ocrx_word' id='word_1_146' title='bbox 931 1400 1004 1440; x_wconf 83' lang='lat' dir='ltr'>sub</span> <span class='ocrx_word' id='word_1_147' title='bbox 1031 1400 1187 1440; x_wconf 88' lang='lat' dir='ltr'>Pontio</span> <span class='ocrx_word' id='word_1_148' title='bbox 1218 1400 1363 1441; x_wconf 84' lang='lat' dir='ltr'>Pilato</span> <span class='ocrx_word' id='word_1_149' title='bbox 1388 1402 1621 1454; x_wconf 67' lang='lat' dir='ltr'>crucifixus</span> <span class='ocrx_word' id='word_1_150' title='bbox 1653 1407 1719 1442; x_wconf 85' lang='lat' dir='ltr'>est</span> <span class='ocrx_word' id='word_1_151' title='bbox 1751 1407 1796 1442; x_wconf 84' lang='lat' dir='ltr'>et</span> <span class='ocrx_word' id='word_1_152' title='bbox 1825 1405 2044 1457; x_wconf 82' lang='lat' dir='ltr'>sepultus:</span> 
     </span>
     <span class='ocr_line' id='line_1_17' title="bbox 405 1479 2049 1528; baseline 0.002 -8"><span class='ocrx_word' id='word_1_153' title='bbox 405 1481 542 1520; x_wconf 86' lang='lat' dir='ltr'>tertia</span> <span class='ocrx_word' id='word_1_154' title='bbox 584 1479 654 1519; x_wconf 84' lang='lat' dir='ltr'>die</span> <span class='ocrx_word' id='word_1_155' title='bbox 688 1479 886 1519; x_wconf 71' lang='lat' dir='ltr'>surrexit</span> <span class='ocrx_word' id='word_1_156' title='bbox 918 1492 945 1518; x_wconf 88' lang='lat' dir='ltr'>a</span> <span class='ocrx_word' id='word_1_157' title='bbox 985 1480 1170 1519; x_wconf 82' lang='lat' dir='ltr'>mortuis</span> <span class='ocrx_word' id='word_1_158' title='bbox 1192 1507 1204 1526; x_wconf 94' lang='lat'><strong><em>,</em></strong></span> <span class='ocrx_word' id='word_1_159' title='bbox 1250 1479 1446 1519; x_wconf 85' lang='lat' dir='ltr'>ascendit</span> <span class='ocrx_word' id='word_1_160' title='bbox 1485 1480 1531 1519; x_wconf 87' lang='lat' dir='ltr'>in</span> <span class='ocrx_word' id='word_1_161' title='bbox 1580 1481 1741 1520; x_wconf 87' lang='lat' dir='ltr'>coelum</span> <span class='ocrx_word' id='word_1_162' title='bbox 1759 1508 1773 1528; x_wconf 84' lang='lat'>‚</span> <span class='ocrx_word' id='word_1_163' title='bbox 1832 1482 1954 1522; x_wconf 83' lang='lat' dir='ltr'>sedet</span> <span class='ocrx_word' id='word_1_164' title='bbox 1991 1484 2049 1523; x_wconf 81' lang='lat' dir='ltr'>ad</span> 
     </span>
     <span class='ocr_line' id='line_1_18' title="bbox 407 1558 2047 1611; baseline 0.002 -12"><span class='ocrx_word' id='word_1_165' title='bbox 407 1559 634 1599; x_wconf 72' lang='lat' dir='ltr'>dexteram</span> <span class='ocrx_word' id='word_1_166' title='bbox 663 1560 833 1607; x_wconf 85' lang='lat' dir='ltr'>Patris,</span> <span class='ocrx_word' id='word_1_167' title='bbox 874 1558 989 1600; x_wconf 85' lang='lat' dir='ltr'>unde</span> <span class='ocrx_word' id='word_1_168' title='bbox 1025 1563 1237 1598; x_wconf 84' lang='lat' dir='ltr'>venturus</span> <span class='ocrx_word' id='word_1_169' title='bbox 1273 1563 1337 1598; x_wconf 82' lang='lat' dir='ltr'>est</span> <span class='ocrx_word' id='word_1_170' title='bbox 1366 1558 1572 1611; x_wconf 80' lang='lat' dir='ltr'>judicare</span> <span class='ocrx_word' id='word_1_171' title='bbox 1603 1559 1722 1598; x_wconf 83' lang='lat' dir='ltr'>vivos</span> <span class='ocrx_word' id='word_1_172' title='bbox 1759 1564 1804 1598; x_wconf 89' lang='lat' dir='ltr'>et</span> <span class='ocrx_word' id='word_1_173' title='bbox 1839 1567 2047 1601; x_wconf 84' lang='lat' dir='ltr'>mortuos.</span> 
     </span>
     <span class='ocr_line' id='line_1_19' title="bbox 141 1635 2048 1689; baseline 0.001 -11"><span class='ocrx_word' id='word_1_174' title='bbox 141 1649 260 1689; x_wconf 86' lang='lat' dir='ltr'>quam</span> <span class='ocrx_word' id='word_1_175' title='bbox 292 1647 455 1689; x_wconf 85' lang='lat' dir='ltr'>quoque</span> <span class='ocrx_word' id='word_1_176' title='bbox 490 1636 589 1676; x_wconf 91' lang='lat' dir='ltr'>fidei</span> <span class='ocrx_word' id='word_1_177' title='bbox 626 1638 808 1689; x_wconf 84' lang='lat' dir='ltr'>regulam</span> <span class='ocrx_word' id='word_1_178' title='bbox 841 1637 885 1676; x_wconf 91' lang='lat' dir='ltr'>in</span> <span class='ocrx_word' id='word_1_179' title='bbox 918 1636 1088 1689; x_wconf 88' lang='lat' dir='ltr'>publicis</span> <span class='ocrx_word' id='word_1_180' title='bbox 1123 1639 1375 1675; x_wconf 80' lang='lat' dir='ltr'>numeratam</span> <span class='ocrx_word' id='word_1_181' title='bbox 1413 1635 1563 1684; x_wconf 83' lang='lat' dir='ltr'>fuisse,</span> <span class='ocrx_word' id='word_1_182' title='bbox 1604 1648 1655 1675; x_wconf 86' lang='lat' dir='ltr'>ex</span> <span class='ocrx_word' id='word_1_183' title='bbox 1691 1636 1878 1678; x_wconf 87' lang='lat' dir='ltr'>Facundi</span> <span class='ocrx_word' id='word_1_184' title='bbox 1915 1639 2048 1679; x_wconf 85' lang='lat' dir='ltr'>verbis</span> 
     </span>
     <span class='ocr_line' id='line_1_20' title="bbox 140 1712 2050 1768; baseline 0.001 -13"><span class='ocrx_word' id='word_1_185' title='bbox 140 1719 279 1768; x_wconf 83' lang='lat' dir='ltr'>patet,</span> <span class='ocrx_word' id='word_1_186' title='bbox 319 1727 410 1767; x_wconf 77' lang='lat' dir='ltr'>quae</span> <span class='ocrx_word' id='word_1_187' title='bbox 453 1714 505 1753; x_wconf 90' lang='lat' dir='ltr'>de</span> <span class='ocrx_word' id='word_1_188' title='bbox 543 1714 720 1754; x_wconf 87' lang='lat' dir='ltr'>formula</span> <span class='ocrx_word' id='word_1_189' title='bbox 751 1715 979 1766; x_wconf 82' lang='lat' dir='ltr'>baptismali</span> <span class='ocrx_word' id='word_1_190' title='bbox 1013 1717 1149 1765; x_wconf 84' lang='lat' dir='ltr'>agunt.</span> <span class='ocrx_word' id='word_1_191' title='bbox 1213 1713 1274 1752; x_wconf 87' lang='lat' dir='ltr'>De</span> <span class='ocrx_word' id='word_1_192' title='bbox 1313 1713 1363 1752; x_wconf 92' lang='lat' dir='ltr'>iis</span> <span class='ocrx_word' id='word_1_193' title='bbox 1395 1712 1618 1764; x_wconf 72' lang='lat' dir='ltr'>symbolis,</span> <span class='ocrx_word' id='word_1_194' title='bbox 1660 1725 1751 1764; x_wconf 76' lang='lat' dir='ltr'>quae</span> <span class='ocrx_word' id='word_1_195' title='bbox 1779 1715 1822 1754; x_wconf 91' lang='lat' dir='ltr'>in</span> <span class='ocrx_word' id='word_1_196' title='bbox 1858 1717 2050 1768; x_wconf 85' lang='lat' dir='ltr'>operibus</span> 
     </span>
     <span class='ocr_line' id='line_1_21' title="bbox 141 1790 2049 1846; baseline 0.002 -14"><span class='ocrx_word' id='word_1_197' title='bbox 141 1793 357 1845; x_wconf 80' lang='lat' dir='ltr'>Augustini</span> <span class='ocrx_word' id='word_1_198' title='bbox 388 1793 606 1844; x_wconf 83' lang='lat' dir='ltr'>leguntur,</span> <span class='ocrx_word' id='word_1_199' title='bbox 644 1796 816 1843; x_wconf 84' lang='lat' dir='ltr'>excepto</span> <span class='ocrx_word' id='word_1_200' title='bbox 845 1793 999 1843; x_wconf 83' lang='lat' dir='ltr'>primo,</span> <span class='ocrx_word' id='word_1_201' title='bbox 1037 1791 1146 1842; x_wconf 88' lang='lat' dir='ltr'>quod</span> <span class='ocrx_word' id='word_1_202' title='bbox 1172 1791 1291 1842; x_wconf 83' lang='lat' dir='ltr'>plane</span> <span class='ocrx_word' id='word_1_203' title='bbox 1319 1794 1381 1830; x_wconf 87' lang='lat' dir='ltr'>est</span> <span class='ocrx_word' id='word_1_204' title='bbox 1403 1790 1679 1842; x_wconf 80' lang='lat' dir='ltr'>Apostolicum</span> <span class='ocrx_word' id='word_1_205' title='bbox 1708 1796 1751 1831; x_wconf 88' lang='lat' dir='ltr'>et</span> <span class='ocrx_word' id='word_1_206' title='bbox 1775 1793 2049 1846; x_wconf 89' lang='lat' dir='ltr'>Hipponensis</span> 
     </span>
     <span class='ocr_line' id='line_1_22' title="bbox 140 1865 2049 1925; baseline 0.003 -17"><span class='ocrx_word' id='word_1_207' title='bbox 140 1869 338 1909; x_wconf 85' lang='lat' dir='ltr'>Ecclesiae</span> <span class='ocrx_word' id='word_1_208' title='bbox 371 1867 588 1918; x_wconf 84' lang='lat' dir='ltr'>(Sermone</span> <span class='ocrx_word' id='word_1_209' title='bbox 616 1868 700 1907; x_wconf 82' lang='lat'>230</span> <span class='ocrx_word' id='word_1_210' title='bbox 729 1872 771 1907; x_wconf 90' lang='lat' dir='ltr'>et</span> <span class='ocrx_word' id='word_1_211' title='bbox 792 1865 911 1920; x_wconf 90' lang='lat' dir='ltr'>alibi)</span> <span class='ocrx_word' id='word_1_212' title='bbox 944 1880 995 1907; x_wconf 84' lang='lat' dir='ltr'>ex</span> <span class='ocrx_word' id='word_1_213' title='bbox 1026 1867 1139 1907; x_wconf 86' lang='lat' dir='ltr'>Italia</span> <span class='ocrx_word' id='word_1_214' title='bbox 1166 1868 1308 1920; x_wconf 89' lang='lat' dir='ltr'>procul</span> <span class='ocrx_word' id='word_1_215' title='bbox 1337 1867 1460 1907; x_wconf 91' lang='lat' dir='ltr'>dubio</span> <span class='ocrx_word' id='word_1_216' title='bbox 1492 1868 1718 1919; x_wconf 84' lang='lat' dir='ltr'>advectum,</span> <span class='ocrx_word' id='word_1_217' title='bbox 1750 1870 1859 1910; x_wconf 85' lang='lat' dir='ltr'>forte</span> <span class='ocrx_word' id='word_1_218' title='bbox 1887 1872 1937 1912; x_wconf 88' lang='lat' dir='ltr'>ab</span> <span class='ocrx_word' id='word_1_219' title='bbox 1960 1874 2049 1925; x_wconf 88' lang='lat' dir='ltr'>ipso</span> 
     </span>
     <span class='ocr_line' id='line_1_23' title="bbox 141 1934 2050 2001; baseline 0.002 -13"><span class='ocrx_word' id='word_1_220' title='bbox 141 1947 394 2001; x_wconf 85' lang='lat' dir='ltr'>Hipponensi</span> <span class='ocrx_word' id='word_1_221' title='bbox 416 1947 607 1996; x_wconf 84' lang='lat' dir='ltr'>Doctore,</span> <span class='ocrx_word' id='word_1_222' title='bbox 638 1947 737 1986; x_wconf 86' lang='lat' dir='ltr'>licet</span> <span class='ocrx_word' id='word_1_223' title='bbox 766 1947 923 1998; x_wconf 86' lang='lat' dir='ltr'>reliqua</span> <span class='ocrx_word' id='word_1_224' title='bbox 951 1934 1114 1999; x_wconf 87' lang='lat' dir='ltr'>quoque</span> <span class='ocrx_word' id='word_1_225' title='bbox 1143 1947 1289 1986; x_wconf 86' lang='lat' dir='ltr'>similia</span> <span class='ocrx_word' id='word_1_226' title='bbox 1317 1947 1397 1986; x_wconf 88' lang='lat' dir='ltr'>sint</span> <span class='ocrx_word' id='word_1_227' title='bbox 1421 1946 1672 1999; x_wconf 85' lang='lat' dir='ltr'>Apostolico,</span> <span class='ocrx_word' id='word_1_228' title='bbox 1710 1949 1768 1987; x_wconf 91' lang='lat' dir='ltr'>nil</span> <span class='ocrx_word' id='word_1_229' title='bbox 1793 1950 2050 1991; x_wconf 87' lang='lat' dir='ltr'>statuendum</span> 
     </span>
     <span class='ocr_line' id='line_1_24' title="bbox 117 2024 2048 2088; baseline 0.002 -22"><span class='ocrx_word' id='word_1_230' title='bbox 117 2043 119 2045; x_wconf 49' lang='lat'><strong><em>¹</em></strong></span> <span class='ocrx_word' id='word_1_231' title='bbox 143 2030 227 2075; x_wconf 83' lang='lat' dir='ltr'>est,</span> <span class='ocrx_word' id='word_1_232' title='bbox 268 2027 360 2078; x_wconf 88' lang='lat' dir='ltr'>quia</span> <span class='ocrx_word' id='word_1_233' title='bbox 390 2030 485 2066; x_wconf 88' lang='lat' dir='ltr'>sunt</span> <span class='ocrx_word' id='word_1_234' title='bbox 514 2038 564 2065; x_wconf 83' lang='lat' dir='ltr'>ex</span> <span class='ocrx_word' id='word_1_235' title='bbox 600 2027 873 2066; x_wconf 90' lang='lat' dir='ltr'>monumentis</span> <span class='ocrx_word' id='word_1_236' title='bbox 902 2026 1130 2079; x_wconf 81' lang='lat' dir='ltr'>Augustino</span> <span class='ocrx_word' id='word_1_237' title='bbox 1159 2027 1229 2065; x_wconf 83' lang='lat' dir='ltr'>aut</span> <span class='ocrx_word' id='word_1_238' title='bbox 1259 2024 1364 2065; x_wconf 88' lang='lat' dir='ltr'>falso</span> <span class='ocrx_word' id='word_1_239' title='bbox 1391 2028 1460 2065; x_wconf 86' lang='lat' dir='ltr'>aut</span> <span class='ocrx_word' id='word_1_240' title='bbox 1492 2030 1605 2066; x_wconf 88' lang='lat' dir='ltr'>certe</span> <span class='ocrx_word' id='word_1_241' title='bbox 1635 2027 1758 2088; x_wconf 71' lang='lat' dir='ltr'>du&#39;io</span> <span class='ocrx_word' id='word_1_242' title='bbox 1788 2028 1949 2081; x_wconf 87' lang='lat' dir='ltr'>judicio</span> <span class='ocrx_word' id='word_1_243' title='bbox 1980 2029 2048 2069; x_wconf 83' lang='lat' dir='ltr'>ad-</span> 
     </span>
    </p>
   </div>
   <div class='ocr_carea' id='block_1_3' title="bbox 196 2179 2049 2580">
    <p class='ocr_par' dir='ltr' id='par_1_3' title="bbox 196 2179 2049 2580">
     <span class='ocr_line' id='line_1_25' title="bbox 233 2179 2049 2227; baseline 0.001 -11"><span class='ocrx_word' id='word_1_244' title='bbox 233 2182 344 2217; x_wconf 83' lang='lat' dir='ltr'>vitam</span> <span class='ocrx_word' id='word_1_245' title='bbox 367 2186 538 2216; x_wconf 85' lang='lat' dir='ltr'>aeternam</span> <span class='ocrx_word' id='word_1_246' title='bbox 572 2185 607 2216; x_wconf 86' lang='lat' dir='ltr'>et</span> <span class='ocrx_word' id='word_1_247' title='bbox 627 2181 876 2217; x_wconf 62' lang='lat' dir='ltr'>‘remissionem</span> <span class='ocrx_word' id='word_1_248' title='bbox 901 2186 1071 2227; x_wconf 80' lang='lat' dir='ltr'>peccato-</span> <span class='ocrx_word' id='word_1_249' title='bbox 1214 2179 1670 2215; x_wconf 84' lang='lat' dir='ltr'>WalchiiBibliothecam</span> <span class='ocrx_word' id='word_1_250' title='bbox 1681 2181 1937 2225; x_wconf 80' lang='lat' dir='ltr'>Symbolicam</span> <span class='ocrx_word' id='word_1_251' title='bbox 1947 2181 2049 2227; x_wconf 79' lang='lat' dir='ltr'>p.43.</span> 
     </span>
     <span class='ocr_line' id='line_1_26' title="bbox 197 2234 2048 2297; baseline 0.001 -13"><span class='ocrx_word' id='word_1_252' title='bbox 197 2234 199 2236; x_wconf 88' lang='lat'>.</span> <span class='ocrx_word' id='word_1_253' title='bbox 237 2262 328 2295; x_wconf 57' lang='lat' dir='ltr'>rum,</span> <span class='ocrx_word' id='word_1_254' title='bbox 349 2255 413 2287; x_wconf 79' lang='lat' dir='ltr'>etc.</span> <span class='ocrx_word' id='word_1_255' title='bbox 439 2251 609 2295; x_wconf 83' lang='lat' dir='ltr'>Epistola</span> <span class='ocrx_word' id='word_1_256' title='bbox 620 2250 809 2297; x_wconf 80' lang='lat' dir='ltr'>Synodica</span> <span class='ocrx_word' id='word_1_257' title='bbox 829 2251 877 2286; x_wconf 84' lang='lat' dir='ltr'>ad</span> <span class='ocrx_word' id='word_1_258' title='bbox 887 2250 1074 2286; x_wconf 72' lang='lat' dir='ltr'>Numidiae</span> <span class='ocrx_word' id='word_1_259' title='bbox 1214 2249 1395 2295; x_wconf 82' lang='lat' dir='ltr'>Cypriani</span> <span class='ocrx_word' id='word_1_260' title='bbox 1413 2249 1458 2282; x_wconf 87' lang='lat' dir='ltr'>de</span> <span class='ocrx_word' id='word_1_261' title='bbox 1473 2249 1617 2284; x_wconf 82' lang='lat' dir='ltr'>unitate</span> <span class='ocrx_word' id='word_1_262' title='bbox 1635 2250 1800 2285; x_wconf 86' lang='lat' dir='ltr'>ecclesiae</span> <span class='ocrx_word' id='word_1_263' title='bbox 1813 2251 2048 2293; x_wconf 80' lang='lat' dir='ltr'>sententiam,</span> 
     </span>
     <span class='ocr_line' id='line_1_27' title="bbox 239 2318 2048 2365; baseline 0.001 -12"><span class='ocrx_word' id='word_1_264' title='bbox 239 2319 442 2365; x_wconf 78' lang='lat' dir='ltr'>Episcopus</span> <span class='ocrx_word' id='word_1_265' title='bbox 466 2333 501 2365; x_wconf 83' lang='lat' dir='ltr'>p.</span> <span class='ocrx_word' id='word_1_266' title='bbox 523 2320 603 2356; x_wconf 87' lang='grc'><strong>190.</strong></span> <span class='ocrx_word' id='word_1_267' title='bbox 1217 2318 1469 2353; x_wconf 81' lang='lat' dir='ltr'>examinatam</span> <span class='ocrx_word' id='word_1_268' title='bbox 1496 2330 1518 2353; x_wconf 86' lang='lat' dir='ltr'>a</span> <span class='ocrx_word' id='word_1_269' title='bbox 1538 2320 1716 2354; x_wconf 85' lang='lat' dir='ltr'>Weikero</span> <span class='ocrx_word' id='word_1_270' title='bbox 1738 2319 1778 2354; x_wconf 88' lang='lat' dir='ltr'>in</span> <span class='ocrx_word' id='word_1_271' title='bbox 1796 2320 2048 2365; x_wconf 81' lang='lat' dir='ltr'>Aphorismen</span> 
     </span>
     <span class='ocr_line' id='line_1_28' title="bbox 196 2388 2049 2444; baseline 0.001 -22"><span class='ocrx_word' id='word_1_272' title='bbox 196 2401 213 2428; x_wconf 79' lang='lat'><strong>7</strong></span> <span class='ocrx_word' id='word_1_273' title='bbox 246 2398 329 2432; x_wconf 64' lang='lat' dir='ltr'>vox</span> <span class='ocrx_word' id='word_1_274' title='bbox 357 2409 466 2431; x_wconf 72' lang='lat' dir='ltr'>unam</span> <span class='ocrx_word' id='word_1_275' title='bbox 499 2397 539 2431; x_wconf 72' lang='lat' dir='ltr'>i„</span> <span class='ocrx_word' id='word_1_276' title='bbox 574 2398 690 2432; x_wconf 69' lang='lat' dir='ltr'><strong>hocce</strong></span> <span class='ocrx_word' id='word_1_277' title='bbox 722 2397 921 2444; x_wconf 60' lang='lat' dir='ltr'>symbolo,</span> <span class='ocrx_word' id='word_1_278' title='bbox 954 2399 998 2432; x_wconf 74' lang='lat' dir='ltr'>ut</span> <span class='ocrx_word' id='word_1_279' title='bbox 1035 2396 1075 2432; x_wconf 75' lang='lat' dir='ltr'>in</span> <span class='ocrx_word' id='word_1_280' title='bbox 1217 2388 1637 2433; x_wconf 79' lang='lat' dir='ltr'>ii.Cyprian,exhibent</span> <span class='ocrx_word' id='word_1_281' title='bbox 1650 2389 2049 2436; x_wconf 82' lang='lat' dir='ltr'>IllgeniiHistorisch-</span> 
     </span>
     <span class='ocr_line' id='line_1_29' title="bbox 243 2457 2049 2513; baseline 0.001 -12"><span class='ocrx_word' id='word_1_282' title='bbox 243 2465 400 2511; x_wconf 82' lang='lat' dir='ltr'>reliquis</span> <span class='ocrx_word' id='word_1_283' title='bbox 418 2466 591 2500; x_wconf 87' lang='lat' dir='ltr'>omnibus</span> <span class='ocrx_word' id='word_1_284' title='bbox 616 2467 902 2513; x_wconf 85' lang='lat' dir='ltr'>antiquissimis,</span> <span class='ocrx_word' id='word_1_285' title='bbox 928 2466 1075 2502; x_wconf 84' lang='lat' dir='ltr'>deside-</span> <span class='ocrx_word' id='word_1_286' title='bbox 1216 2457 2049 2506; x_wconf 63' lang='lat' dir='ltr'>2h0⁰l⁰giSCheAbhfflldlungenadrittencnls-</span> 
     </span>
     <span class='ocr_line' id='line_1_30' title="bbox 244 2526 1707 2580; baseline 0.001 -9"><span class='ocrx_word' id='word_1_287' title='bbox 244 2539 373 2578; x_wconf 80' lang='lat' dir='ltr'>ratur,</span> <span class='ocrx_word' id='word_1_288' title='bbox 408 2535 498 2570; x_wconf 89' lang='lat' dir='ltr'>licet</span> <span class='ocrx_word' id='word_1_289' title='bbox 522 2536 730 2580; x_wconf 83' lang='lat' dir='ltr'>Cyprianus</span> <span class='ocrx_word' id='word_1_290' title='bbox 751 2538 928 2572; x_wconf 84' lang='lat' dir='ltr'>unitatem</span> <span class='ocrx_word' id='word_1_291' title='bbox 951 2537 1076 2571; x_wconf 83' lang='lat' dir='ltr'>Eeclc-</span> <span class='ocrx_word' id='word_1_292' title='bbox 1216 2527 1364 2563; x_wconf 63' lang='lat' dir='ltr'>SChl&#39;ist·</span> <span class='ocrx_word' id='word_1_293' title='bbox 1393 2526 1548 2573; x_wconf 65' lang='lat' dir='ltr'>(LiI‘Siae</span> <span class='ocrx_word' id='word_1_294' title='bbox 1571 2527 1707 2573; x_wconf 61' lang='lat'>1824)-</span> 
     </span>
    </p>
   </div>
   <div class='ocr_carea' id='block_1_4' title="bbox 244 2605 1078 2641">
    <p class='ocr_par' dir='ltr' id='par_1_4' title="bbox 244 2605 1078 2641">
     <span class='ocr_line' id='line_1_31' title="bbox 244 2605 1078 2641; baseline -0.001 0"><span class='ocrx_word' id='word_1_295' title='bbox 244 2607 304 2641; x_wconf 77' lang='lat' dir='ltr'>sioe</span> <span class='ocrx_word' id='word_1_296' title='bbox 353 2605 492 2640; x_wconf 86' lang='lat' dir='ltr'>acriter</span> <span class='ocrx_word' id='word_1_297' title='bbox 538 2606 725 2641; x_wconf 85' lang='lat' dir='ltr'>defendat.</span> <span class='ocrx_word' id='word_1_298' title='bbox 790 2606 920 2641; x_wconf 92' lang='lat' dir='ltr'>Primo</span> <span class='ocrx_word' id='word_1_299' title='bbox 950 2609 1078 2640; x_wconf 82' lang='lat' dir='ltr'>autem</span> 
     </span>
    </p>
   </div>
   <div class='ocr_carea' id='block_1_5' title="bbox 245 2642 1659 2720">
    <p class='ocr_par' dir='ltr' id='par_1_5' title="bbox 245 2642 1659 2720">
     <span class='ocr_line' id='line_1_32' title="bbox 245 2642 1659 2720; baseline -0.001 -10"><span class='ocrx_word' id='word_1_300' title='bbox 245 2674 410 2711; x_wconf 82' lang='lat' dir='ltr'>occurrit</span> <span class='ocrx_word' id='word_1_301' title='bbox 438 2673 477 2708; x_wconf 88' lang='lat' dir='ltr'>in</span> <span class='ocrx_word' id='word_1_302' title='bbox 503 2674 684 2720; x_wconf 86' lang='lat' dir='ltr'>Symbolo</span> <span class='ocrx_word' id='word_1_303' title='bbox 704 2675 880 2710; x_wconf 84' lang='lat' dir='ltr'>Ecclesiae</span> <span class='ocrx_word' id='word_1_304' title='bbox 896 2675 1079 2710; x_wconf 87' lang='lat' dir='ltr'>Hieroso·</span> <span class='ocrx_word' id='word_1_305' title='bbox 1170 2643 1189 2673; x_wconf 65' lang='grc' dir='ltr'><strong><em>ε</em></strong></span> <span class='ocrx_word' id='word_1_306' title='bbox 1211 2642 1357 2678; x_wconf 52' lang='lat' dir='ltr'><strong>wrakh&#39;</strong></span> <span class='ocrx_word' id='word_1_307' title='bbox 1378 2642 1409 2677; x_wconf 65' lang='lat'>1⁹</span> <span class='ocrx_word' id='word_1_308' title='bbox 1440 2653 1470 2678; x_wconf 57' lang='grc' dir='ltr'>θ’</span> <span class='ocrx_word' id='word_1_309' title='bbox 1488 2642 1515 2678; x_wconf 72' lang='lat'>1⁰</span> <span class='ocrx_word' id='word_1_310' title='bbox 1542 2655 1578 2689; x_wconf 72' lang='lat' dir='ltr'>P&#39;</span> <span class='ocrx_word' id='word_1_311' title='bbox 1603 2642 1659 2679; x_wconf 73' lang='lat'>69⁸</span> 
     </span>
    </p>
   </div>
   <div class='ocr_carea' id='block_1_6' title="bbox 244 2739 1933 2790">
    <p class='ocr_par' dir='ltr' id='par_1_6' title="bbox 244 2739 1933 2790">
     <span class='ocr_line' id='line_1_33' title="bbox 244 2739 1933 2790; baseline -0.002 -11"><span class='ocrx_word' id='word_1_312' title='bbox 244 2744 437 2790; x_wconf 82' lang='lat' dir='ltr'>lymitanae</span> <span class='ocrx_word' id='word_1_313' title='bbox 461 2744 560 2788; x_wconf 87' lang='lat' dir='ltr'>apud</span> <span class='ocrx_word' id='word_1_314' title='bbox 574 2743 762 2788; x_wconf 80' lang='lat' dir='ltr'>Cyrillum</span> <span class='ocrx_word' id='word_1_315' title='bbox 782 2744 969 2780; x_wconf 87' lang='lat' dir='ltr'>Hierosol.</span> <span class='ocrx_word' id='word_1_316' title='bbox 1020 2745 1079 2779; x_wconf 82' lang='lat' dir='ltr'>Cf.</span> <span class='ocrx_word' id='word_1_317' title='bbox 1174 2751 1191 2780; x_wconf 79' lang='grc'><strong>9</strong></span> <span class='ocrx_word' id='word_1_318' title='bbox 1215 2741 1408 2780; x_wconf 83' lang='lat' dir='ltr'>Sirmondi</span> <span class='ocrx_word' id='word_1_319' title='bbox 1437 2741 1561 2788; x_wconf 85' lang='lat' dir='ltr'>Opera</span> <span class='ocrx_word' id='word_1_320' title='bbox 1585 2742 1694 2777; x_wconf 89' lang='lat' dir='ltr'>Tom.</span> <span class='ocrx_word' id='word_1_321' title='bbox 1717 2741 1767 2777; x_wconf 91' lang='lat'>11.</span> <span class='ocrx_word' id='word_1_322' title='bbox 1795 2753 1831 2787; x_wconf 80' lang='lat' dir='ltr'>p.</span> <span class='ocrx_word' id='word_1_323' title='bbox 1852 2739 1933 2777; x_wconf 77' lang='lat'>846.</span> 
     </span>
    </p>
   </div>
  </div>
 </body>
</html>
