2341 3340
1196 127 1300 175 112

277 276 544 322 urebantur,
586 274 918 330 torquebantur,
955 273 1107 314 multus
1134 273 1199 312 est
1228 267 1511 324 Cyprianusss.
1577 269 1752 313 Veteres
1781 281 1881 311 vero
1915 269 2137 311 Christiani
2167 270 2219 311 de

279 354 360 396 hoc
392 367 466 393 suo
495 366 570 407 per
606 367 759 395 nomen
788 353 945 394 Christi
978 355 1022 394 in
1054 353 1272 393 Daemones
1307 350 1482 405 imperio
1516 351 1794 404 gloriabantur
1824 353 1867 390 et
1892 363 1978 390 suae
2011 350 2221 404 religionis

276 435 491 475 veritatem
528 446 578 474 eo
625 434 943 474 demonstratam
979 445 1070 473 esse
1106 430 1419 472 asseverabant:
1477 430 1588 470 unde
1631 430 1740 471 fama
1774 431 1837 471 rei
1878 431 1988 470 inter
2023 429 2223 470 Ethuicos

276 525 441 567 quoque
487 513 734 567 percrebuit.
804 513 851 553 In
891 514 957 553 his
1002 525 1100 552 vero
1141 511 1299 561 fuisse,
1350 510 1421 563 qui
1469 509 1521 551 de
1565 510 1817 551 Exorcismis
1868 511 1911 549 in
1964 510 2217 557 universum,

276 594 362 634 sive
394 594 440 633 hi
470 607 493 633 a
523 593 768 633 Christianis
798 593 1002 633 Judaeisve
1039 593 1124 631 sive
1157 592 1207 631 ab
1235 590 1425 631 Ethnicis
1463 594 1779 643 peragerentur,
1824 590 1958 629 minus
1989 588 2219 629 honorifice

275 673 497 721 sentirent,
544 685 567 712 e
597 673 828 725 fragmento
859 671 1023 724 Ulpiani
1052 672 1096 711 in
1125 671 1294 724 Digesto
1324 673 1483 710 servato
1512 669 1688 709 fortasse
1720 669 1858 722 colligi
1884 669 2065 721 poterit3
2095 665 2220 720 *quod

276 751 442 803 quidem
475 764 524 791 eo
555 752 763 792 lubentius
793 751 980 804 profero,
1022 751 1116 803 quia
1150 751 1237 804 ipsa
1269 748 1463 802 Cypriani
1495 752 1616 788 aetate
1648 748 1846 799 scriptum
1879 752 1953 788 est.
2017 747 2218 800 Ulpianus

250 821 386 871 >enim
423 830 563 870 floruit
608 832 682 872 sub
725 831 880 871 Severo
923 831 1108 883 Augusto
1145 833 1188 869 et
1218 841 1348 882 usque
1381 828 1434 868 ad
1468 827 1758 868 Alexandrum.
1822 826 1889 866 Sic
1915 832 2050 867 autem
2073 826 2220 867 habet:

278 911 472 952 Medicos
486 911 690 962 sortasse
713 911 805 963 quis
825 910 1011 962 accipiet
1031 911 1164 949 etiam
1188 921 1276 956 eos,
1309 910 1384 962 qui
1401 908 1586 961 alicujus
1614 914 1721 948 sunt
1745 909 1892 962 partis
1924 907 2120 962 corporis
2152 905 2219 946 vel

279 989 394 1030 certi
425 989 592 1029 doloris
619 990 861 1029 sanitatem
889 987 1184 1041 pollicentur,
1230 990 1280 1026 ut
1306 991 1420 1039 puta
1452 987 1494 1025 si
1523 987 1846 1036 auricularius,
1885 988 1927 1027 si
1945 987 2122 1041 fistuloe
2150 985 2219 1026 vel

275 1068 486 1108 dentium.
553 1069 657 1110 Non
684 1072 832 1108 tamen
855 1067 893 1106 si
924 1067 1188 1114 incantavit,
1220 1066 1263 1104 si
1288 1066 1554 1119 imprecatus
1583 1070 1663 1112 est,
1694 1066 1746 1113 si,
1778 1064 1853 1119 (ut
1882 1067 2065 1120 vulgari
2092 1065 2218 1106 verbo

276 1148 564 1202 impostorum
593 1141 721 1200 utar)
756 1148 797 1186 si
827 1144 1151 1187 exorcizavit&
1209 1143 1332 1184 Haud
1360 1146 1497 1184 tamen
1529 1146 1709 1183 statuere
1738 1144 1868 1183 ausim
1891 1145 2110 1197 Ulpianum
2138 1144 2221 1185 hoc

274 1226 368 1266 loco
409 1227 660 1267 exorcismos
691 1225 1019 1266 Christianorum
1061 1224 1326 1278 peculiariter
1364 1224 1593 1276 respicere,
1641 1234 1766 1274 quum
1804 1223 1909 1262 hanc
1943 1236 2087 1264 vocem
2125 1235 2221 1263 cum

274 1305 616 1347 incantationibus
658 1309 701 1346 et
738 1304 1100 1358 imprecationibus
1142 1304 1262 1357 plane
1299 1302 1535 1343 confundat.
1610 1301 1758 1356 Neque
1798 1304 1854 1344 ita
1895 1307 2008 1344 certo
2047 1306 2219 1352 constat,
2282 1352 2302 1358 ,-

275 1384 500 1439 Ulpianum
531 1386 695 1427 infenso
725 1386 768 1425 in
802 1384 1057 1424 Christianos
1092 1383 1221 1423 fuisse
1257 1381 1448 1422 anim0'73.

457 1466 525 1505 19.
587 1466 651 1505 De
668 1465 908 1518 funeribus
922 1466 1136 1517 Afrorum
1167 1475 1296 1515 pauca
1319 1460 1602 1501 tantummodo
1625 1461 1982 1501 commemoranda
2009 1461 2220 1501 habemus.

275 1543 565 1597 Pollingebaut
592 1557 766 1597 corpora
798 1533 1086 1583 defunctorum
1116 1541 1387 1591 thuribusque
1421 1539 1532 1579 haud
1565 1540 1786 1592 parcebant
1802 1539 1850 1580 ⁷4.
1911 1540 2054 1580 Terrae
2083 1543 2221 1581 tamen

273 1623 533 1673 mandabant,
567 1624 633 1664 vel
661 1624 704 1663 iu
721 1623 944 1677 Hypogaeis
976 1621 1243 1675 sepeliebant,
1280 1618 1429 1660 additis
1449 1619 1645 1668 lucernis,
1675 1632 1845 1672 quarum
1868 1619 2074 1659 nonnullae
2088 1619 2221 1672 figura

275 1704 415 1752 cervi,
466 1704 532 1743 vel
569 1702 794 1754 lychnuchi
835 1705 994 1754 septem
1032 1699 1287 1740 candelabris
1323 1699 1532 1748 instructi,
1577 1699 1644 1738 vel
1682 1703 2029 1751 monogrammate
2065 1698 2221 1740 Christi

240 1778 243 1779 ⁷
275 1786 430 1822 ornatae
455 1795 585 1835 nuper
608 1781 802 1822 Hafniam
832 1794 883 1821 ex
906 1780 1049 1821 Africa
1080 1779 1263 1820 advectae
1292 1782 1399 1819 sunt.
1455 1777 1502 1819 In
1526 1778 1730 1832 lapidibus
1750 1779 2045 1831 sepulcralibus
2064 1777 2219 1818 Gurubi

275 1862 451 1914 repertis
474 1862 661 1914 delphini
683 1862 750 1900 vel
775 1860 909 1912 pisces
933 1860 1179 1900 intermedio
1207 1860 1556 1910 monogrammate
1585 1858 1815 1910 additisque
1842 1849 1990 1897 litteris
2019 1855 2069 1900 A
2097 1860 2140 1897 et
2171 1854 2226 1899 ,Ω

298 2015 331 2043 71
361 2017 418 2051 De
440 2017 576 2052 idolor.
603 2016 774 2051 vanitate
803 2028 834 2052 c.
856 2018 888 2051 4.
915 2017 962 2051 ad
987 2015 1221 2052 Dcmetrian.
1293 2013 1330 2043 Ἄ
1354 2000 1518 2050 Tertull.
1540 2004 1771 2058 Apol.‘c.42.
1813 2014 1943 2048 Thura
1959 2025 2031 2048 non
2054 2013 2220 2052 emimu&

367 2099 403 2132 p.
425 2086 506 2122 191.
533 2086 641 2132 epist.
662 2086 719 2122 77.
740 2087 822 2122 191.
848 2089 887 2122 et
904 2086 1052 2132 saepius.
1362 2084 1405 2119 Si
1413 2084 1559 2122 Arabiae
1575 2089 1787 2129 queruntur,
1812 2084 1927 2119 scient
1938 2083 2077 2118 Sabaeis
2091 2083 2212 2128 pluris

453 2179 455 2181 ·
1362 2159 1399 2192 et
1423 2154 1574 2189 carioris
1604 2166 1692 2190 suas
1715 2167 1849 2190 merces
1875 2153 1954 2199 (ap.
1977 2153 2076 2189 Plin.
2096 2154 2148 2189 H.
2166 2153 2210 2189 N.

298 2202 334 2232 72
359 2203 505 2250 Digest.
525 2203 610 2239 Lib.
629 2203 671 2238 L.
693 2203 771 2240 Tit.
788 2204 897 2240 XIII.
924 2204 970 2239 de
989 2203 1220 2240 extraordin.

369 2274 652 2321 cognitionibus
687 2275 714 2310 l.
738 2275 774 2310 3.

1360 2226 1424 2262 VI.
1439 2224 1496 2260 28.
1517 2225 1677 2260 odorum
1696 2225 1860 2270 merces)
1877 2224 2095 2260 Christianis
2106 2235 2209 2270 sepe-

1364 2296 1495 2332 liendis
1513 2296 1716 2342 profligari
1734 2307 1842 2341 quam
1862 2296 1942 2331 Dz‘is
1961 2295 2210 2342 fumigandis.

297 2369 334 2398 73
360 2370 421 2404 Tu
441 2369 514 2404 hac
546 2369 592 2403 de
612 2381 653 2403 re
678 2369 832 2403 consule
847 2367 1084 2415 Schultingii
1093 2368 1221 2403 Juris-
1362 2370 1400 2402 et
1421 2367 1466 2401 de
1477 2366 1614 2400 Idolol.
1629 2379 1658 2400 c.
1673 2366 1729 2402 11.
1763 2368 1856 2402 Haec
1875 2365 2030 2411 quidem
2049 2376 2210 2414 genera-

367 2438 615 2486 prudentiam
649 2439 1017 2483 Antejustininneam
1058 2451 1094 2484 p.
1136 2438 1218 2473 557.
1361 2437 1432 2472 tim
1459 2438 1504 2472 de
1531 2436 1759 2471 Christianis
1783 2437 1885 2472 dicta
1906 2440 2013 2472 sunt:
2059 2447 2208 2477 verum,

369 2509 572 2545 Heineccii
594 2496 738 2547 histor.
766 2508 871 2543 Juris
891 2509 1057 2544 Romani
1084 2511 1117 2553 §.
1137 2507 1219 2549 338.
1362 2520 1480 2553 quum
1521 2507 1686 2542 Tertull.
1707 2502 1955 2553 >Carthagine
1997 2505 2206 2551 scripserit,

367 2583 444 2616 not.
518 2578 779 2625 Bynkerhoek
833 2579 1032 2615 observat.
1075 2580 1118 2614 V.
1160 2578 1218 2614 23.
1363 2579 1408 2613 dc
1427 2578 1532 2613 Afris
1551 2578 1728 2623 inprimis
1749 2579 1889 2613 valent.
1939 2577 1998 2611 Cf.
2021 2578 2209 2621 praeterea

368 2650 507 2696 p.127.
543 2652 580 2685 et
621 2649 666 2684 de
707 2648 896 2696 religione
933 2661 1084 2697 peregr.
1119 2649 1217 2686 Diss.
1360 2648 1530 2684 Walchii
1568 2647 1667 2683 Diss.
1699 2648 1744 2682 de
1775 2646 1932 2681 Mumiis
1965 2644 2204 2682 Christianis.

365 2721 397 2756 Ι.
425 2720 506 2758 241.
1362 2719 1612 2755 Commentat.
1638 2717 1896 2764 Goettingens.
1916 2717 1999 2752 Vol.
2019 2717 2090 2753 III.
