2341 3340
1013 136 1076 184 51

97 276 398 319 Ordinabantur
419 288 516 318 vero
539 276 732 329 Episcopi
761 274 882 315 electi
913 288 935 314 a
958 274 1230 323 Primatibus3
1271 278 1312 315 et
1340 276 1548 328 probabile
1577 283 1658 330 est,
1688 293 1777 322 eam
1799 281 1994 336 regulam,

96 368 217 408 quam
233 355 456 408 Cyprianus
477 368 523 395 ac
539 354 686 404 reliqui
703 352 896 404 Episcopi
911 353 1100 404 Hispanis
1121 356 1168 392 ut
1188 352 1237 392 ab
1259 353 1460 394 Africanis
1483 361 1679 397 servatam
1700 360 1994 409 commendant,

96 439 147 476 ut
184 435 244 476 ad
273 435 572 476 ordinationes
607 433 693 471 rite
727 430 1007 470 celebrandas
1047 432 1262 485 Episcopi
1306 432 1495 484 ejusdem
1526 433 1772 477 Provinciae·
1802 440 1994 490 proximi

95 501 278 568 qrciflqfle
305 511 608 557 convenirent,
638 509 724 561 jam
758 507 905 547 diutius
939 509 982 548 in
1011 508 1151 547 Africa
1181 509 1371 557 valuisse,
1413 510 1510 548 licet
1545 511 1816 552 ordinationes
1847 527 1870 553 a
1897 526 1994 565 pau-

95 588 272 627 cioribus
296 587 423 626 factas
453 586 564 625 haud
593 587 715 626 dubie
753 587 962 639 agnoverit
999 587 1186 626 Ecclesia
1218 587 1430 636 Africana3
1476 601 1600 640 quum
1634 593 1788 643 antiqui
1820 604 1994 632 canones

93 668 176 705 tres
202 667 357 704 tantum
383 666 651 717 requirerent,
690 678 823 717 neque
845 666 941 714 illae,
971 666 1114 717 quibus
1146 665 1225 704 duo
1253 665 1448 719 Episcopi
1476 670 1517 707 et
1546 680 1650 708 unus
1682 668 1903 723 Presbyter
1928 670 1993 711 vel

91 753 195 782 unus
224 743 369 783 saltem
398 744 624 796 Episcopus
655 743 952 792 interfuisset⁶‚
988 743 1176 784 invalidae
1207 744 1467 785 haberentur.

266 822 308 861 2.
364 822 663 875 Episcoporum
706 823 925 862 auctoritas
969 822 1090 862 arctis
1129 822 1324 861 limitibus
1366 824 1670 878 circumscripta
1707 829 1794 866 erat
1813 855 1826 875 9
1871 839 1994 879 quum

89 902 196 939 teste
234 899 487 940 Tertulliano
517 901 635 954 Apol.
670 914 706 940 c.
728 900 795 940 39.
832 913 913 940 non
948 901 1081 940 solum
1115 899 1351 952 Presbyteri
1390 905 1432 941 et
1463 903 1631 943 Diaconi
1652 932 1663 952 ‚
1710 904 1786 944 sed
1819 906 1997 960 probati

89 981 238 1033 quique
274 981 466 1020 seniores
502 982 547 1020 in
590 981 869 1021 conventibus
903 981 1249 1020 Christianorum
1285 982 1580 1035 proesideant,
1624 984 1828 1024 honorem
1862 985 1991 1024 istum

89 1069 176 1096 non
203 1059 351 1111 <pretio
387 1058 465 1097 sed
501 1060 748 1098 testimonio
794 1056 977 1112 adepti⁷
1016 1056 1117 1111 (vid.
1151 1070 1242 1097 cAP.
1265 1055 1385 1111 vm.)
1430 1060 1499 1111 qui
1542 1074 1622 1100 una
1661 1073 1752 1100 cum
1786 1061 1991 1114 Episcopo

89 1134 328 1186 caeterisque
357 1148 563 1175 sacrorum
593 1137 787 1176 ministris
827 1135 878 1175 de
909 1136 1032 1176 rebus
1071 1137 1353 1177 ecclesiasticis
1375 1138 1640 1190 judicabant:
1684 1154 1989 1194 summumque,

88 1211 234 1252 eodem
262 1214 354 1253 loco
390 1214 523 1266 inquit
558 1214 860 1263 Tertullianus,
893 1217 1054 1267 futuri
1073 1216 1238 1268 judicii
1268 1216 1577 1269 praejudicium
1613 1222 1699 1265 est,
1739 1220 1781 1258 si
1806 1220 1899 1272 quis
1928 1219 1991 1258 ita

87 1290 343 1345 deliquerit,
383 1298 433 1334 ut
461 1307 488 1334 a
517 1295 816 1335 communione
849 1295 1064 1333 orationis
1099 1298 1144 1333 et
1175 1300 1415 1342 conventus
1450 1300 1495 1335 et
1527 1297 1665 1337 omnis
1702 1298 1849 1336 sancti
1882 1309 1991 1336 com-

87 1371 239 1411 mercii
273 1372 563 1424 relegaretur.
620 1372 867 1412 Proesident
908 1372 1090 1425 probati
1120 1374 1270 1426 quique
1308 1374 1502 1413 seniores
1542 1379 1621 1413 etc.
1681 1372 1815 1426 Magis
1859 1373 1991 1413 adhuc

79 1445 175 1499 jura
202 1448 333 1499 plebis
363 1448 546 1487 extendit
578 1447 802 1500 Cyprianus
833 1449 884 1488 de
914 1449 1036 1501 lapsis
1075 1450 1244 1500 epistola
1283 1450 1370 1489 16.:
1412 1452 1561 1491 acturi
1588 1457 1631 1492 et
1660 1452 1782 1505 apud
1816 1453 1993 1505 Confes-

84 1538 205 1566 sores
240 1528 355 1580 ipsos
396 1533 442 1567 et
475 1527 597 1581 apud
626 1529 876 1568 universam
902 1528 1069 1582 plebem
1102 1542 1299 1568 caussam
1331 1543 1468 1569 suam.
1527 1528 1596 1568 Sic
1634 1542 1793 1581 quoque
1830 1542 1893 1582 ep.
1926 1531 1992 1569 17.

87 1602 138 1641 (le
158 1603 304 1642 iisdem
327 1605 460 1656 lapsis,
486 1606 555 1656 qui
579 1605 866 1656 aMartyribus
894 1606 1048 1645 litteras
1077 1606 1438 1646 commendatorias
1463 1607 1738 1646 obtinuerant:
1772 1610 1993 1648 examina-

86 1680 248 1720 bantur
275 1684 450 1734 singula
483 1683 772 1735 praesentibus
809 1688 853 1722 et
882 1683 1182 1735 judicantibus
1213 1685 1341 1724 vobis.
1400 1684 1522 1723 Unde
1547 1687 1683 1735 patet,
1729 1686 1772 1725 in
1801 1686 1993 1725 Africana

85 1757 271 1797 Ecclesia
299 1772 494 1798 summam
533 1760 781 1807 obtinuisse,
829 1759 892 1798 vel
932 1759 1158 1811 Cypfiano,
1200 1762 1269 1811 qui
1298 1761 1536 1813 dignitatem
1564 1763 1860 1815 Episcoporum
1889 1764 1992 1805 adeo

87 1836 255 1884 extulit,
289 1836 537 1887 approbante
555 1863 566 1882 ,
595 1835 847 1883 libertatem,
879 1835 1049 1887 ejusque
1076 1836 1270 1888 regendae
1299 1838 1471 1878 formam
1501 1840 1834 1889 democraticam,
1875 1855 1992 1893 quam

84 1914 217 1967 prisca
244 1913 430 1953 Ecclesia
451 1912 595 1952 habuit
618 1912 667 1952 ab
687 1912 975 1965 Apostolorum
1003 1912 1100 1953 inde
1130 1918 1263 1964 aetate,
1296 1915 1447 1956 diutius
1475 1918 1519 1957 in
1546 1918 1627 1958 hoc
1657 1918 1765 1958 orbis
1794 1923 1992 1960 terrarum

85 1996 214 2033 tractu
236 2003 532 2045 perseverasse.

261 2070 301 2109 3.
369 2069 424 2109 Et
458 2070 536 2110 hos
578 2082 717 2110 omnes
752 2069 977 2124 Episcopos
1011 2083 1232 2126 omnesque
1264 2073 1584 2135 Christianorum
1619 2075 1815 2116 Afrorum
1851 2081 1993 2118 coetus

87 2148 282 2188 immunes
310 2147 438 2187 fuisse
476 2148 525 2188 ab
565 2149 674 2187 omni
712 2148 906 2201 Episcopi
942 2150 1115 2190 Romani
1140 2153 1450 2204 jurisdictione,
1494 2165 1576 2191 non
1615 2157 1677 2192 est
1713 2154 1821 2205 quod
1854 2156 1991 2196 multis

86 2213 295 2278 probatum
327 2239 477 2265 eamus.
530 2226 586 2265 Hi
619 2220 730 2266 'certe
757 2227 864 2267 fama
896 2234 1135 2280 acceperant
1149 2230 1325 2271 Victoris
1344 2231 1517 2271 Romani
1539 2231 1732 2283 Episcopi
1759 2233 1801 2271 in
1830 2245 1991 2273 excom-

86 2303 335 2342 municandis
356 2304 465 2343 Asiae
493 2305 659 2344 minoris
690 2306 875 2345 ecclesiis
902 2308 1152 2359 superbiam,
1190 2310 1300 2349 nullo
1329 2322 1424 2349 vero
1454 2308 1577 2348 modo
1609 2310 1733 2361 ipsius
1764 2308 1991 2362 supi-emam

178 2472 233 2506 ita
253 2472 364 2506 facilc
387 2471 543 2506 indicari
564 2486 684 2518 posse,
704 2477 1012 2519 quomodoPres-
1108 2478 1124 2506 6
1150 2477 1353 2523 Bingham.
1388 2478 1418 2513 Ι.
1447 2492 1483 2525 p.
1508 2479 1587 2516 162.
1619 2492 1721 2526 sequ.

177 2540 307 2586 byteri
345 2541 391 2574 ab
427 2541 618 2586 Episcopis
656 2544 822 2578 distincti
857 2545 1014 2588 fuerint,

179 2611 289 2644 (locet
325 2619 471 2653 quoquc
517 2610 721 2657 Episcopus
756 2613 1012 2649 Lincolncnsis
1108 2615 1125 2643 *1
1149 2615 1306 2661 Apolog.
1344 2629 1372 2652 c.
1396 2617 1453 2653 39.

179 2679 203 2712 l.
226 2679 251 2712 l.
276 2690 310 2723 p.
332 2677 411 2712 234.
