2341 3340
1199 83 1265 128 36

272 232 450 271 arcuisse
480 228 667 268 dicantur
698 241 769 269 eos
800 229 869 279 qui
899 239 993 267 cum
1017 224 1221 279 Cypriane
1254 220 1638 272 communicarent&
1670 223 1740 276 qui
1760 222 1844 263 loci
1875 228 2009 265 antra
2037 211 2200 273 {imque

272 308 464 363 appellati
485 308 614 350 fuisse
640 309 844 357 videntur,
872 310 916 347 et
936 306 1109 346 forsitan
1131 307 1261 346 auloe.
1320 304 1389 344 Sic
1407 303 1724 343 Commodianus
1742 302 2016 342 I-nstructione
2030 301 2141 342 XIII.
2159 301 2201 342 3.

632 391 688 431 In
718 391 832 430 silva
861 400 1040 429 manere
1070 386 1232 439 quoeris
1251 413 1264 433 ,
1308 384 1384 424 ubi
1421 385 1538 423 latro
1575 391 1791 424 moratur.

634 470 702 510 Ta
735 468 863 516 dicis,
908 480 988 520 ego
1024 465 1112 507 Dea·
1140 478 1260 510 sum,
1300 467 1346 503 et
1362 464 1498 516 foras
1533 463 1725 504 aberras.

631 548 875 603 Ingredere
899 546 998 599 jam
1031 557 1148 584 mmo
1176 544 1307 584 toties
1341 543 1557 582 invitatus
1591 543 1637 581 in
1669 543 1828 582 aulam.

274 628 366 669 Nisi
393 628 484 668 aula
509 628 646 681 imago
675 627 818 667 saltem
848 628 924 673 est,
956 636 981 662 e
1011 622 1146 662 verbis
1180 621 1335 660 Christi
1365 621 1458 678 Joh.
1489 620 1540 660 X.
1571 621 1609 660 1.
1640 620 1706 659 16.
1738 621 1878 671 petita.

454 708 495 747 2.
555 703 852 749 Goemeteriass
876 708 1079 758 praeterea
1095 701 1340 741 Christianis
1368 699 1669 752 quodammodo
1695 703 1810 739 erant
1831 700 1995 751 templa,
2019 699 2205 752 inprimis

274 787 575 842 persecutionis
619 789 817 837 tempore.
856 784 860 786 ’
890 782 938 822 111
969 782 1084 822 Actis
1127 781 1237 820 enim
1265 780 1471 819 Passionis
1505 778 1696 831 Cypriani
1735 779 1788 818 de
1827 778 1971 831 edicto*
2000 778 2207 819 Valeriani

274 869 447 920 legitur:
476 868 647 907 chsszcm
671 869 751 911 est,
778 868 829 903 ut
847 863 968 902 nulla
985 860 1270 901 conciliabula
1278 862 1400 913 flant
1417 873 1550 913 neque
1566 860 1835 899 Coemecerm
1857 849 2205 911 ingrediantufl.

275 947 379 988 Haec
397 949 533 986 autem
548 941 820 989 Goemeteria‚
854 952 945 992 quae
974 953 1103 980 areas
1126 938 1248 976 etiam
1267 941 1476 985 vocarunt,
1504 937 1757 977 Tertulliano
1774 937 1949 976 florente
1965 935 2208 976 Christianis

277 1029 392 1066 erant
422 1024 608 1078 propria,
647 1025 691 1060 et
718 1034 741 1060 a
770 1020 872 1059 lccis
904 1018 1124 1070 sepulturae
1155 1017 1380 1057 Gentilium
1407 1015 1611 1055 distinct-al
1667 1015 1792 1064 Nam,
1823 1016 1947 1055 verba
1978 1019 2072 1055 sunt
2104 1014 2209 1055 Ter-

276 1104 437 1145 tulliani
473 1102 526 1143 ad
564 1100 780 1153 Scapulam
815 1111 851 1137 c.
877 1097 919 1136 3.
970 1096 1024 1136 de
1061 1096 1273 1137 Hilariano
1307 1094 1520 1144 Praeside,
1559 1093 1885 1134 Christianorum
1920 1095 2209 1147 persecutore:

278 1184 545 1224 Hilczrz‘mzus
582 1193 748 1234 praeses
780 1178 897 1217 areis
934 1178 1101 1217 nostris
1135 1176 1417 1216 acclamavit.-
1463 1188 1582 1215 areae
1613 1187 1703 1214 non
1734 1175 1849 1214 sz‘nc:
1902 1173 2013 1225 quod
2043 1173 2219 1225 quidem(

272 1262 423 1315 jubere
456 1258 567 1299 haud
594 1258 816 1311 potuisset,
859 1255 904 1294 ni
934 1254 1157 1293 Christiani
1184 1254 1411 1306 peculiares
1437 1253 1524 1305 jam
1555 1252 1807 1292 habuissent.
1865 1253 1998 1304 Quam
2033 1253 2085 1292 ob
2121 1265 2212 1292 rem

281 1341 415 1380 cultus
451 1339 632 1377 Deorum
667 1336 887 1389 participes
930 1336 1185 1375 habebantur
1222 1333 1274 1381 ii,
1324 1332 1394 1383 (11ιί
1429 1338 1602 1383 corpora
1639 1331 1931 1371 defunctorum
1971 1344 2137 1371 5110111111
2166 1332 2211 1371 in
2244 1338 2251 1345 '

281 1420 469 1471 sepulcra
497 1417 793 1464 Ethnicorum,
830 1414 939 1467 apud
967 1427 1056 1466 quae
1086 1413 1263 1452 Ethnica
1290 1411 1525 1464 superstitio
1555 1424 1600 1450 se
1629 1424 1749 1462 quam
1783 1412 1958 1451 maxime
1984 1412 2212 1460 exserebat,

282 1498 496 1538 inferrent.
562 1495 788 1536 Postulavit
828 1495 937 1534 enim
976 1493 1202 1545 Cyprianus
1243 1491 1476 1531 Martialem
1513 1491 1764 1543 Episcopum
1794 1490 2107 1543 Hispaniensem
2159 1490 2213 1530 de

285 1577 526 1625 idololatria,
567 1579 609 1614 ct
638 1575 716 1614 hac
745 1586 907 1626 quoque
938 1572 991 1612 de
1026 1585 1158 1619 causa,
1189 1570 1297 1622 quod
1329 1571 1509 1610 filiorum
1541 1582 1708 1610 suorum
1737 1569 1933 1610 cadavera
1961 1570 2084 1624 apud
2104 1583 2212 1625 pro-

275 1659 396 1709 fana
426 1657 629 1710 sepulcra
660 1655 941 1708 deposuisset,
982 1651 1155 1703 Epistol.
1184 1651 1252 1688 (37.
1279 1664 1318 1702 p.
1350 1650 1444 1688 1⁶73.
1501 1648 1624 1688 Unde
1659 1662 1821 1701 quoque
1853 1649 2031 1696 factum,
2069 1652 2115 1688 ut
2144 1649 2213 1701 qui

285 1747 399 1774 sacra
431 1734 661 1774 Christiana
690 1732 866 1785 amplexi
905 1733 1065 1778 essent,
1093 1730 1171 1783 jus
1210 1730 1399 1770 ollarum
1415 1758 1427 1778 ,
1463 1729 1507 1768 11.
1535 1741 1572 1768 e.
1601 1729 1737 1768 locum
1767 1728 1811 1767 in
1841 1728 2102 1780 sepulcretis,
2141 1728 2214 1767 ubi

287 1827 402 1853 urnae
433 1813 644 1852 cinerariae
680 1810 928 1863 reponendae
959 1811 1124 1856 essent,
1168 1807 1421 1846 venderent:
1469 1807 1586 1859 cujus
1628 1806 1957 1854 consuetudinis,
1994 1819 2017 1845 a
2051 1806 2213 1859 legibus

289 1893 486 1932 Romanis
502 1888 783 1943 plerumque1⁰
799 1888 1033 1941 prohibitae,
1063 1887 1268 1940 singulare
1297 1888 1408 1925 extat
1434 1886 1712 1925 testimonium
1741 1886 1785 1931 in
1812 1886 2078 1938 inscriptione
2107 1886 2215 1939 apud

341 2052 359 2080 7
387 2047 571 2094 Cypriani
597 2059 654 2091 ep.
679 2047 733 2080 41.
755 2058 790 2091 p.
811 2045 869 2080 80.
1305 2041 1341 2070 1⁰
1365 2043 1469 2076 Pura
1496 2045 1742 2076 monumenta
1763 2041 1877 2076 vendi
1902 2045 2131 2087 potuerunt,
2156 2056 2214 2079 re-

341 2119 360 2148 S
393 2120 535 2152 Vocem
574 2117 693 2151 habet
720 2115 982 2150 Tertullianus
1025 2116 1071 2149 de
1107 2114 1235 2149 anima
1376 2113 1511 2158 {igiosa
1547 2112 1652 2146 haud
1679 2111 1783 2146 item.
1840 2112 2083 2158 Religiosum
2121 2125 2213 2149 vero

391 2201 422 2223 c.
452 2188 508 2224 51.
565 2188 634 2221 Est
664 2197 756 2220 vero
795 2185 1021 2219 Christianae
1051 2184 1234 2230 originis,
1375 2183 1503 2217 locum
1520 2182 1779 2226 unusquisque
1802 2194 1871 2216 sua
1890 2182 2086 2217 voluntate
2108 2184 2214 2228 fecit,

393 2270 509 2304 quam
539 2257 702 2302 explicat
732 2257 1028 2301 Chrysostomus
1062 2256 1233 2290 Tom.V.

394 2329 527 2363 homil.
560 2327 617 2362 81.
640 2340 677 2372 p.
710 2325 790 2361 563.
840 2323 893 2360 ὅτι
924 2324 956 2360 ὅι
983 2325 1236 2370 τετελευτηκότες

396 2402 449 2433 καὶ
479 2399 626 2433 ἐνταῦθα
664 2400 801 2442 ulfiam
831 2396 869 2430 οῦ
901 2395 1123 2440 τεθνήκασιν,
1158 2393 1237 2430 ἄλλά

398 2468 570 2514 κοιμῶνται
602 2469 654 2503 καὶ
678 2466 893 2503 καθεύδουσι.
942 2467 1001 2501 Cf.
1026 2466 1237 2500 Svicerunl.

398 2539 471 2572 Vix
491 2541 577 2572 ante
596 2538 886 2573 Tertullianum
905 2537 1004 2582 apud
1025 2535 1238 2582 Scriptores

400 2608 673 2645 ecclesiasticos
701 2608 878 2644 occurrit.

356 2694 373 2723 9
397 2694 562 2730 Ruinart
583 2696 676 2731 Acta
702 2695 917 2741 Martyrum
937 2706 971 2740 1».
994 2691 1075 2728 216.

1377 2253 1467 2286 dum
1479 2255 1674 2286 mortuum
1694 2251 1855 2286 inferret
1873 2251 1911 2286 in
1933 2252 2062 2287 locum
2083 2265 2214 2290 suum=

1379 2322 1468 2368 puri
1487 2325 1618 2356 contra
1640 2322 1716 2356 loci
1734 2326 1853 2365 erant,
1885 2323 1950 2367 qui
1978 2336 2099 2369 neque
2118 2326 2216 2361 sacri

1379 2404 1501 2437 neque
1545 2392 1664 2427 sancti
1710 2404 1831 2437 neque
1872 2393 2044 2439 religiosi
2081 2400 2215 2438 essent,

1380 2475 1499 2508 quum
1533 2464 1681 2497 nullum
1714 2462 1754 2497 in
1779 2462 1826 2496 iis
1856 2474 1991 2509 corpus
2022 2464 2216 2499 conditum

1378 2533 1510 2568 fuerit.
1548 2534 1606 2567 cf.
1621 2533 1854 2568 Gutherium
1875 2534 1920 2568 de
1938 2534 2026 2577 jure
2046 2534 2216 2569 manium

1379 2615 1414 2649 p.
1435 2603 1514 2638 424.
1533 2602 1613 2637 4:225.
1636 2603 1716 2637 441.
