2341 3340
1032 134 1099 180 45

109 279 304 332 deinceps
325 276 527 326 habuerit,
547 273 791 314 Primatum:
820 282 956 322 neque
982 271 1152 324 cogItari
1178 272 1328 323 potest,
1355 282 1479 310 unum
1507 274 1722 325 antiquiori
1744 275 1815 316 illo
1833 279 2018 330 tempore

105 356 299 412 regendae
326 356 388 396 illi
408 353 640 408 provinciae,
669 351 713 391 in
745 363 822 402 qua
854 348 1132 389 tantummodo
1161 361 1303 400 paucae
1323 348 1501 389 conditae
1534 354 1650 390 erant
1677 353 1877 403 ecclesiae,
1905 354 2018 395 haud

105 437 331 481 suffecisse.
386 432 584 484 Loquitur
614 428 778 481 quidem
810 427 1034 481 Cyprianus
1062 440 1126 479 ep.
1153 426 1222 466 73.
1251 427 1304 465 de
1336 431 1538 467 conventu
1570 428 1893 480 Episcoporum,
1935 436 2018 472 tam

107 513 527 564 ProvincioeAfricae
541 522 668 563 quam
677 508 914 556 Numidiae,
931 509 1098 559 propter
1110 506 1424 545 controversiam
1437 505 1487 544 de
1496 506 1695 558 baptismo
1709 506 2016 558 haereticorum3

72 591 75 594 ’
106 594 204 636 inde
231 603 328 631 vero
354 589 458 629 nihil
483 587 591 627 aliud
621 586 758 638 colligi
787 588 936 638 potest,
969 585 1048 624 nisi
1073 584 1166 632 hoc,
1194 584 1325 637 primo
1355 583 1534 634 quidem,
1564 596 1666 624 anno
1688 583 1783 625 255.
1803 587 2020 627 convenise

106 673 331 725 Episcopos
368 667 603 720 Carthagini
653 665 865 718 propiores
885 692 897 712 ,
947 662 1096 703 deinde
1131 675 1253 711 vero,
1295 675 1399 702 anno
1428 661 1523 701 256.
1561 674 1612 701 ex
1645 663 1832 704 universa
1863 664 2018 715 Africa,

104 751 148 790 in
179 749 325 800 quibus
359 747 528 786 fuerunt
562 756 721 797 quoque
751 742 1036 783 Mauretanici.
1110 740 1173 780 De
1201 741 1251 780 iis
1274 741 1362 793 jam
1392 740 1637 790 videndum,
1675 753 1898 792 eorumque
1924 743 2021 796 jura

105 826 370 881 exponenda3
427 837 668 876 quamquam
696 821 808 862 haud
837 822 990 872 ubique
1017 824 1247 873 temporum
1276 821 1380 859 ratio
1403 819 1592 860 habenda
1621 820 1720 868 erit,
1758 833 1880 872 quum
1912 821 2021 861 inter

106 920 154 948 ea
183 917 274 958 quae
300 907 395 944 ante
423 907 465 942 et
502 915 593 953 quae
624 905 718 955 post
760 890 1006 954 Cyprianum
1045 900 1308 941 obtinuerunt
1341 898 1450 938 haud
1495 899 1646 950 ubique
1688 899 1785 938 satis
1832 902 2021 939 accurate

106 985 357 1037 distinguere
377 980 529 1022 liceat5.
586 980 776 1022 Scilicet:
807 980 1167 1034 Carthaginiensi
1176 979 1397 1032 Episcopo
1416 977 1652 1017 universalis
1668 978 1711 1018 in
1739 989 1806 1017 res
1831 979 2021 1018 ecclesia-

105 1065 239 1112 sticas,
268 1063 486 1102 deficiente
505 1061 804 1113 Episcoporum
833 1060 1087 1107 auctoritate,
1118 1056 1375 1109 competebat
1400 1056 1618 1108 Episcopia
1648 1057 1854 1108 totiusque
1866 1057 2020 1097 Africae

103 1141 315 1183 visitandae
351 1141 433 1193 jus.
498 1140 545 1180 In
582 1140 722 1180 litibus
758 1139 811 1179 de
849 1139 1024 1192 primatu
1059 1138 1309 1188 reliquarum
1340 1133 1645 1173 Provinciarum
1680 1136 1831 1174 exortis
1861 1135 2022 1176 ferebat

104 1221 373 1269 sententiam,
417 1220 643 1272 Episcopos
690 1222 811 1271 atque
851 1217 1121 1268 Presbyteros
1166 1226 1216 1253 ex
1263 1213 1373 1252 omni
1412 1212 1555 1251 Africa
1594 1211 1806 1251 ordinandi
1845 1212 2022 1254 habebat

104 1300 362 1347 facultatem,
404 1299 439 1338 si
474 1299 665 1337 nimirum
696 1311 719 1336 a
748 1296 931 1336 coetibus
967 1294 1018 1334 ad
1054 1293 1136 1334 hoc
1177 1291 1362 1331 officium
1394 1289 1614 1340 requisitus
1651 1292 1781 1339 esset,
1821 1303 1868 1330 ac
1902 1290 2022 1331 simul

99 1379 169 1431 jus
186 1378 229 1417 in
245 1377 401 1429 synodo
418 1376 564 1429 agendi
591 1376 644 1415 de
671 1376 735 1424 iis,
759 1376 829 1427 qui
845 1387 957 1414 suam
978 1373 1262 1414 auctoritatem
1283 1372 1553 1418 recusassent,
1581 1372 1627 1408 ut
1644 1369 1736 1409 loco
1750 1373 2022 1409 moverentur.

108 1455 366 1496 Convocabat
402 1469 523 1508 porro
557 1455 785 1494 Concilium
819 1442 974 1494 Africae
1011 1452 1263 1499 universale,
1301 1450 1368 1489 cui
1397 1449 1673 1501 praesidebat,
1711 1448 1827 1501 cujus
1857 1447 2022 1488 decreta

107 1535 402 1586 exequebatur,
442 1538 562 1584 atque
600 1535 748 1573 litteris
788 1534 870 1572 suis
906 1531 1111 1584 synodicis
1144 1543 1238 1569 cum
1268 1529 1437 1580 reliquis
1474 1528 1657 1567 ecclesiis
1688 1526 2023 1566 communicabat.

108 1612 171 1651 Ab
216 1625 291 1660 eo,
338 1625 590 1663 quaecunque
628 1612 830 1651 Ecclesiae
878 1611 1084 1650 Africanae
1125 1609 1290 1648 nomine
1331 1620 1406 1659 per
1448 1606 1638 1660 epistolas
1679 1604 1836 1659 agenda
1873 1609 2022 1655 essent,

108 1691 349 1742 agebantur-3
380 1690 536 1729 adeum
559 1693 801 1728 caeterorum
810 1690 1033 1728 Primatum
1056 1687 1106 1726 ad
1120 1687 1348 1725 Ecclesiam
1365 1685 1597 1725 Africanam
1614 1684 1798 1735 epistolae
1814 1683 2022 1724 dabantur.

109 1767 202 1820 Ipse
242 1780 339 1813 vero
377 1781 459 1807 non
498 1768 547 1805 ab
585 1768 634 1804 iis
674 1767 748 1806 scd
781 1781 804 1805 a
832 1779 916 1804 suae
945 1764 1171 1803 Provinciae
1193 1763 1408 1814 Episcopis
1441 1760 1779 1808 consecrabatur,
1815 1762 1909 1813 quia
1938 1774 2022 1803 non

108 1847 348 1885 auctoritate
390 1847 545 1884 tantum
582 1843 655 1882 sed
691 1843 799 1882 se‹Hs
836 1854 920 1881 snae
967 1840 1090 1880 etiam
1125 1840 1363 1890 antiquitate
1411 1837 1645 1877 eminebat:
1695 1838 1807 1877 unde
1845 1851 2022 1891 quoque,

109 1924 313 1975 quomodo
356 1922 535 1963 Ostiensi
571 1907 848 1961 suburbicario
885 1919 1029 1959 Romae
1051 1918 1089 1968 θ,
1133 1920 1191 1958 ita
1219 1917 1576 1971 propinquioribus
1608 1915 1835 1956 Provinciae
1868 1917 2023 1959 Africae

109 2001 416 2042 Proconsularis
443 2001 657 2053 Episcopis
686 2000 905 2051 antiquitus
929 1999 998 2051 jus
1026 1997 1216 2038 Primatis
1247 1998 1311 2037 sui
1341 1995 1605 2037 consecrandi
1631 1999 1831 2049 perpetuo
1862 1998 2022 2037 mansit.

287 2081 413 2121 Hisce
444 2080 605 2133 juribus
646 2078 749 2117 adeo
794 2078 952 2117 eximiis
993 2078 1200 2130 Episcopo
1241 2076 1567 2128 Carthaginiensi
1603 2076 1807 2115 concessis
1826 2104 1837 2124 ,
1874 2076 2022 2116 mirum

109 2159 219 2210 haud
249 2159 377 2208 foret,
422 2159 457 2197 si
494 2159 560 2197 cui
588 2169 662 2210 pro
694 2157 883 2196 humanae
916 2160 1073 2197 naturae
1109 2156 1330 2208 fragilitate
1366 2154 1519 2206 majora
1553 2153 1632 2192 sibi
1665 2153 1798 2192 adhuc
1833 2167 2022 2206 arrogare

109 2239 154 2277 in
184 2242 360 2277 mentem
390 2239 583 2277 venisset.
641 2235 766 2287 Cujus
800 2236 965 2287 quidem
1004 2237 1066 2275 rei
1100 2236 1318 2287 vestigium
1355 2233 1464 2272 forte
1496 2232 1819 2285 deprehenditur
1845 2233 1889 2273 in
1915 2234 2021 2274 libro

113 2315 354 2355 Tertulliani
394 2316 446 2355 de
481 2315 677 2369 pudicitia
710 2327 745 2353 c.
776 2314 805 2353 I.
877 2316 1048 2363 Audio,
1094 2314 1282 2354 edictum
1320 2326 1411 2352 esse
1447 2313 1721 2367 propositum
1767 2317 1812 2353 et
1852 2313 2021 2367 quidem

159 2512 178 2540 5
203 2500 386 2545 Cypriani
408 2500 526 2544 Epist.
549 2500 605 2535 48.
627 2502 684 2536 71,
698 2501 755 2536 73.
799 2501 1045 2536 Thomassini
1140 2510 1157 2537 6
1183 2497 1389 2544 Augustini
1409 2496 1652 2531 Breviarium
1676 2496 1895 2533 Collationis
1907 2497 2021 2532 tertio

207 2571 325 2603 Vetus
355 2573 393 2604 ct
410 2569 515 2603 Nova
543 2570 683 2605 Eccles.
704 2571 915 2615 Disciplina
944 2571 986 2605 P.
1008 2570 1042 2605 1.
1185 2569 1258 2602 die.
1283 2579 1362 2602 can.
1388 2567 1444 2601 16.
1482 2570 1519 2601 et
1553 2567 1660 2611 epist.
1691 2565 1770 2602 165.
1817 2567 1944 2611 Dupin
1974 2567 2020 2601 de

208 2639 292 2673 Lib.
317 2640 347 2673 I.
378 2651 408 2672 c.
432 2639 488 2673 20.
544 2638 694 2684 Zicgicr
720 2641 949 2675 Geschichtc
977 2640 1044 2674 der
1184 2638 1339 2681 antiqua
1364 2637 1496 2671 eccles.
1521 2635 1666 2681 discipl.
1697 2648 1731 2680 p.
1744 2635 1800 2670 61.
1824 2635 1882 2670 64.

207 2707 346 2744 kirchl.
372 2708 773 2755 Versassungsformcn
797 2722 832 2754 p.
859 2711 938 2745 141.
