2341 3340
1010 132 1112 178 217

103 275 239 313 tamen
266 272 331 312 vix
360 285 501 312 omnes
530 271 572 312 in
601 271 778 312 Deciana
799 268 1086 323 persecutione
1115 268 1167 308 ab
1195 280 1300 308 anno
1332 269 1531 309 249-251.
1563 269 1694 309 vexati
1724 271 1904 321 fuerunt,
1935 271 2013 321 sed⁴

97 351 184 403 jam
213 355 306 391 ante
335 352 410 391 ista
433 355 615 403 tempora
645 362 719 402 pro
741 349 938 401 religione
955 346 1184 386 Christiana
1210 346 1382 395 vincula,
1413 352 1615 388 tormenta
1644 353 1686 388 et
1712 351 1877 389 exilium
1902 351 2018 410 passi⁸

102 428 304 469 videntur.
360 429 424 469 Ex
461 429 608 468 horum
641 427 816 467 fortasse
845 434 1015 466 numero
1044 429 1132 465 erat
1162 425 1338 465 Faustus
1373 425 1444 464 ille
1480 425 1655 466 Timidae
1687 427 1831 480 Regiae
1860 429 2010 480 Zeugi-

103 511 208 547 tanae
236 507 482 560 Episcopus,
527 506 597 557 qui
629 504 815 546 Concilio
844 504 1036 556 Cypriani
1074 503 1262 543 interfuit
1294 505 1418 554 atque
1447 502 1688 554 baptismum
1717 483 2020 547 haere'ri‘co'ruiff

102 585 391 637 reprobaviffl,
436 587 479 624 et
522 582 728 636 Martyres
770 583 947 625 Timidae
991 583 1035 622 in
1086 581 1216 621 veteri
1261 579 1505 620 Kalendario
1547 581 1869 636 Carthaginiensi
1903 583 2010 638 apud

102 663 345 703 Ruinartum
382 663 709 711 commemorati3
750 662 802 702 de
827 674 997 714 quorum
1025 673 1123 700 vero
1149 663 1270 700 aetate
1299 659 1400 699 nihil
1428 658 1652 698 accuratius
1676 659 1836 701 definiri
1863 667 2011 715 potest.
2065 663 2068 665 ’

102 741 158 780 Et
191 741 345 794 Lapsos
380 755 544 794 quoque
583 741 810 794 Cyprianus
850 742 1143 779 commemorat
1178 738 1220 777 in
1267 730 1581 790 persecutione,
1633 737 1833 778 incertum
1876 745 2011 781 tamen

104 833 306 872 quanam:
355 821 398 860 in
444 820 589 872 quibus
624 822 889 859 recensentur
930 817 1245 857 Fortunatianus
1284 816 1423 855 Asturi
1455 815 1682 869 Episcopus
1727 816 1814 872 (ep.
1842 814 2015 871 65.).et

102 898 307 951 Repostus
339 898 632 938 Saturnicensis
660 896 912 950 Episcopus,
951 896 1019 947 qui
1054 908 1145 934 cum
1174 894 1336 933 Privato
1367 899 1408 934 et
1437 899 1610 946 quatuor
1637 896 1725 935 aliis
1745 896 2014 936 Fortunatum

103 977 352 1030 Episcopum
387 980 720 1025 consecraverat,
761 989 826 1027 ep.
851 975 920 1015 59.
951 987 1055 1015 anno
1085 974 1181 1014 252.
1221 973 1314 1013 data
1342 986 1384 1025 p.
1415 972 1508 1012 132.
1538 977 1582 1013 et
1613 975 1731 1027 epist.
1759 974 1810 1014 ad
1842 970 2015 1015 Confes4

102 1069 241 1105 sores,
278 1068 342 1108 ep.
371 1056 439 1097 56.
467 1070 509 1110 p.
537 1056 632 1096 115.
666 1055 813 1095 eodem
842 1066 946 1094 anno
976 1054 1081 1094 data.

281 1135 336 1175 Et
363 1137 421 1175 sic
448 1135 630 1188 quidem,
668 1148 825 1187 sparsas
855 1134 907 1174 de
934 1135 1056 1173 rebus
1081 1133 1406 1173 Christianorum
1424 1131 1618 1171 Afrorum
1646 1145 1722 1184 per
1744 1132 1824 1172 duo
1848 1134 2015 1174 circiter

103 1215 239 1255 secula
266 1216 431 1254 notitias
464 1215 608 1255 sedulo
639 1214 889 1267 colligendo,
930 1214 1102 1253 invicem
1131 1210 1414 1262 componendo
1440 1214 1481 1249 et
1507 1212 1548 1250 in
1581 1211 1917 1263 qualemcumque
1949 1225 2013 1252 or-

105 1294 242 1333 dinem
276 1294 525 1346 redigendo,
569 1297 753 1344 tempora
797 1293 1003 1344 attigimus
1033 1291 1152 1330 Decii
1184 1289 1467 1341 Imperatoris,
1510 1288 1671 1341 Aspasii
1712 1288 1877 1330 Paterni
1913 1290 2015 1331 Pro-

104 1373 278 1412 consulis
323 1372 476 1411 Africae
523 1376 565 1411 et
610 1371 802 1423 Cypriani
844 1370 1041 1422 Episcopi
1088 1368 1445 1420 Carthaginiensis.
1517 1367 1825 1417 obscuritates,
1870 1369 2016 1421 quibus

104 1451 272 1490 historia
300 1451 498 1490 Ecclesiae
527 1450 732 1491 Africanae
764 1462 839 1501 per
873 1448 1050 1500 inopiam
1086 1450 1466 1494 monumentorum,
1504 1459 1595 1485 cum
1622 1447 1899 1498 ,Ethnicorum
1927 1452 2016 1488 tum

105 1529 452 1577 Christianorum,
490 1530 541 1569 ad
581 1529 673 1568 haec
708 1540 837 1578 usque
877 1530 1061 1579 tempora
1095 1526 1377 1578 premebatur.
1419 1525 1506 1578 jam
1541 1526 1690 1565 sensim
1729 1526 1964 1578 sensimque
1992 1539 2016 1567 a

105 1608 246 1660 majori
283 1621 402 1659 quam
437 1608 607 1648 historia
639 1607 798 1660 praebet
836 1606 927 1645 luce
959 1605 1181 1658 pelluntur.
1238 1604 1322 1644 Res
1353 1603 1545 1656 Cypriani
1581 1617 1632 1644 ex
1663 1605 1812 1644 mutuis
1849 1605 1938 1657 ejus
1973 1608 2017 1646 et

105 1687 349 1739 collegarum
389 1687 591 1740 epistolis,
633 1698 710 1725 nec
755 1698 836 1725 non
878 1698 929 1724 ex
968 1685 1056 1724 aliis
1093 1684 1181 1736 ejus
1218 1684 1379 1735 scriptis
1421 1683 1516 1722 satis
1546 1687 1676 1732 notae,
1725 1697 1748 1722 a
1779 1683 2015 1733 Pearsoffio,

103 1765 308 1817 Episcopo
351 1760 602 1814 Cestriensi,
642 1765 686 1804 in
725 1764 949 1805 Annalibus
987 1763 1238 1815 Cyprianicis
1282 1761 1442 1800 erudite
1475 1763 1669 1814 expositae
1707 1765 1813 1801 sunt.
1879 1761 2016 1803 Series

103 1856 381 1883 successorum
423 1845 510 1897 ejus
553 1844 673 1884 nullis
708 1844 879 1896 amplius
911 1842 1221 1896 difficultatibus
1256 1841 1432 1890 laborat,
1482 1853 1615 1892 neque
1654 1842 1940 1880 controversiae
1974 1841 2017 1881 in

104 1922 277 1962 ecclesia
315 1922 506 1963 Africana
542 1924 727 1974 agitatae,
772 1924 910 1975 quales
941 1923 1059 1961 fuere
1102 1920 1323 1960 Novatiaua
1359 1923 1481 1972 atque
1517 1920 1765 1960 Donatistica
1800 1921 1892 1969 illa,
1940 1933 2017 1972 qua

101 2001 286 2052 inprimis
315 2002 453 2040 Africa
482 2003 592 2040 omni
616 2003 852 2042 calamitatis
880 2006 922 2040 et
954 2001 1120 2040 saevitiae
1152 2012 1302 2052 genere
1331 1999 1602 2051 affligebatur,
1631 2003 1721 2049 post
1749 2002 1812 2038 tot
1840 2000 2018 2039 virorum

105 2078 317 2118 doctorum
363 2080 690 2128 lucubrationes,
748 2081 856 2119 iuter
898 2093 995 2131 quas
1039 2081 1219 2118 eminent
1259 2077 1435 2116 Walchii
1472 2078 1514 2116 in
1547 2077 1727 2118 Historia
1772 2078 2017 2127 Haeresium,

103 2157 284 2208 uberiori
320 2158 588 2198 illustratione
627 2159 825 2211 indigent.
882 2158 1025 2210 Magni
1054 2157 1240 2196 ecclesiae
1276 2155 1455 2194 doctoris
1488 2155 1701 2208 Augustini
1741 2157 2016 2208 Hipponensis

103 2236 297 2288 Episcopi
316 2238 439 2276 multa
468 2251 559 2289 quoe
586 2242 805 2290 supersunt
826 2237 1033 2285 volumina
1063 2222 1283 2274 ditissimos
1315 2235 1502 2285 aperiunt
1533 2233 1690 2282 fontes,
1723 2235 1829 2273 unde
1854 2236 2017 2276 illorum

106 2318 331 2366 temporum
365 2316 506 2355 notitia
532 2316 755 2356 haurienda
784 2321 864 2363 est;
902 2328 1037 2366 neque
1068 2314 1215 2352 desunt
1245 2313 1522 2352 Conciliorum
1553 2314 1594 2352 in
1619 2314 1757 2353 Africa
1789 2296 2019 2354 habitorum

106 2396 194 2431 acta
231 2399 352 2443 atque
380 2405 566 2442 canones,
610 2395 651 2434 in
681 2395 926 2434 editionibus
961 2395 1250 2442 Conciliorum,
1289 2398 1410 2444 atque
1441 2406 1463 2431 a
1499 2392 1712 2440 Justello5‚
1750 2392 2018 2445 Beveregio⁶‚

151 2548 170 2576 4
195 2547 378 2593 Cypriani
405 2547 540 2592 Opera.
567 2560 602 2593 1».
622 2549 702 2584 239.
1133 2549 1149 2575 6
1174 2549 1216 2582 In
1243 2548 1442 2582 Pandectis
1470 2549 1664 2582 Canonum
1688 2548 1724 2582 S.
1751 2548 1788 2582 Sv
1821 2549 2020 2592 Apostolo-

152 2631 169 2659 5
194 2633 235 2666 In
267 2632 404 2666 Codice
431 2633 623 2667 Canonum
648 2633 823 2668 Ecclesiae
848 2634 1036 2668 Africanae
1069 2643 1072 2646 »
1184 2629 1271 2651 rum
1297 2621 1333 2650 et
1360 2617 1618 2651 Conciliorum
1646 2618 1692 2650 ab
1708 2617 1879 2651 Ecclesia
1891 2619 2021 2653 Graeca

199 2701 319 2736 Paris·
347 2700 449 2737 1615.
1178 2691 1418 2732 receptorum
1439 2685 1572 2730 (Oxou.
1594 2686 1838 2732 1682.)T0111.
1854 2688 1884 2721 Ι.
1922 2688 2018 2721 Con-
