2341 3340
1194 148 1260 193 66

268 283 316 332 in'
338 292 427 332 aliis
455 294 591 331 tamen
623 289 782 343 oppidis
813 293 935 342 atque
963 302 1060 330 rure
1088 288 1198 330 haud
1226 301 1320 329 raro
1349 289 1561 339 accidisse,
1588 302 1663 344 pro
1696 293 1810 330 certo
1837 302 2049 330 assumere·
2073 290 2187 339 licet,

270 383 512 422 quamquam
541 370 650 410 nulla
681 369 760 409 hac
792 368 844 409 de
870 381 918 408 re
949 369 1102 408 mentio
1128 369 1176 408 fit
1208 369 1251 407 in
1278 367 1533 408 Tertulliano
1570 372 1691 420 atque
1722 369 1937 422 Cypriane.
1997 370 2189 410 Oblatio-

270 463 368 490 nem
407 440 522 489 vero
540 451 871 504 primitiarum,
917 460 1089 499 quarum
1129 448 1402 486 meminerunt
1443 447 1630 496 Canones
1671 449 1854 501 Apostol.
1889 448 1928 487 3.
1959 447 2026 487 14.
2066 460 2191 499 quum

270 526 498 580 Cyprianus
519 528 630 567 nullo
655 509 808 575 haheat¹
825 528 933 575 loco,
960 526 1170 579 probabile
1193 529 1268 575 est,
1299 527 1512 565 ecclesiam
1531 510 1763 567 Africanam
1785 530 2008 580 ignorasse.
2047 526 2191 577 Neque

269 607 458 647 decimas
495 607 540 645 in
568 606 710 646 Africa
750 605 972 645 Christiani
1011 606 1247 654 solvebant,
1290 606 1389 644 licet
1425 618 1493 644 eas
1536 607 1694 646 noverit
1731 606 1982 659 Cyprianus,
2024 605 2095 655 qui
2139 603 2192 643 de

268 685 369 724 unit.
400 685 547 725 eccles.
582 685 654 725 fin.
690 685 894 738 expressis
923 685 1058 724 verbis
1094 684 1222 724 dicit:
1272 691 1321 726 at
1354 699 1472 726 nunc
1502 685 1555 725 de
1586 687 1859 739 patrimonio
1895 699 1975 726 nec
2006 685 2194 724 decimas

269 765 435 806 damus.
460 803 463 806 .

447 844 487 884 3.
545 842 698 884 Verum
715 844 936 893 enimvero,
957 844 1029 883 ubi
1053 845 1275 883 necessitas
1289 844 1531 896 postulabat,
1558 846 1694 898 stipes
1707 844 1882 884 collacoe
1898 842 1945 881 'in
1969 842 2196 881 subsidium

267 923 525 964 vocabantur.
581 921 660 960 Hae
702 922 1021 961 conferebantur
1058 923 1108 961 ab
1142 924 1329 962 universa
1361 923 1512 975 plebe,
1547 912 1663 975 cujus
1699 924 1761 962 rei
1792 922 2024 974 exemplum
2058 920 2195 959 adfert

268 1002 572 1048 Tertullianus,
615 1011 739 1051 quum
784 1000 837 1038 (le
879 1001 1080 1052 episcopis
1116 1004 1280 1049 narrat,
1327 1002 1396 1050 qui
1433 1002 1664 1040 libertatem
1707 1001 1896 1040 coetuum
1935 1000 2194 1053 publicorum

267 1079 549 1120 habendorum
587 1077 793 1117 redimere
822 1079 1056 1127 voluerint,
1098 1078 1174 1134 (de
1203 1079 1301 1132 fuga
1330 1079 1396 1118 13.
1431 1075 1534 1131 14).
1607 1080 1726 1130 Quod
1762 1080 1926 1131 quidem
1966 1079 2076 1118 haud
2116 1064 2197 1117 una

266 1160 344 1198 hac
384 1157 600 1197 occasione
655 1160 698 1195 et
737 1159 965 1197 communis
1006 1144 1287 1198 tantummodo
1325 1159 1512 1198 utilitatis
1549 1172 1691 1207 causa,
1738 1158 1811 1196 sed
1849 1159 1997 1210 saepius
2041 1158 2194 1196 factum

267 1251 372 1287 esse,
400 1237 554 1276 indicat
581 1236 660 1274 alio
684 1237 791 1284 loco,
821 1237 872 1275 de
894 1237 1026 1289 jejun.
1056 1250 1090 1276 c.
1116 1238 1182 1276 13.
1221 1241 1342 1279 Bene
1365 1245 1525 1286 autem,
1560 1239 1670 1292 quod
1689 1244 1732 1278 et
1763 1239 1956 1293 episcopi
1976 1238 2194 1276 universae

264 1318 383 1373 plebi
402 1317 578 1370 jejunia
603 1317 797 1357 indicere
825 1318 1032 1364 assolent,
1063 1331 1151 1357 non
1179 1317 1273 1357 dico
1300 1318 1353 1356 de
1373 1317 1594 1356 industria
1615 1319 1793 1371 stipium
1813 1317 2193 1368 conferendarum,

268 1402 318 1437 ut
341 1388 503 1436 vestroe
520 1387 753 1449 'capturae4
782 1402 862 1442 est,
894 1383 1208 1436 sed'interdz'cm
1238 1402 1282 1435 et
1310 1409 1364 1435 ex·
1393 1397 1537 1449 aliqua
1565 1396 1873 1435 sollicitudinis
1892 1384 2196 1436 ecclesiasticae*

270 1489 416 1516 causa.
476 1472 542 1512 Ad
576 1486 667 1524 quae
695 1476 833 1513 tamen
861 1474 987 1513 verba
1018 1474 1312 1513 observandum
1344 1478 1418 1521 est,
1452 1473 1764 1522 Tertullianum,
1801 1473 2092 1514 Montanistam
2111 1474 2197 1526 jam

269 1548 442 1601 factum,
476 1551 591 1604 justo
635 1552 774 1592 forsan
816 1554 1002 1592 acerbius
1041 1554 1086 1592 in
1122 1554 1336 1605 episcopos
1380 1553 1532 1591 invehi.
1604 1553 1775 1605 Majoris
1820 1565 1917 1591 vero
1958 1553 2034 1591 hac
2074 1553 2118 1591 in
2149 1551 2199 1591 re

270 1631 521 1672 auctoritatis
565 1634 628 1670 est
680 1631 874 1684 Cypriani
918 1633 1110 1684 querela,
1159 1633 1228 1683 qui
1274 1632 1451 1671 eundem
1496 1633 1606 1671 hunc
1650 1633 1893 1670 clericorum
1938 1632 2058 1681 paulo
2104 1634 2197 1670 ante

271 1711 488 1750 Decianum
509 1711 835 1761 persecutionem
865 1712 1033 1750 abusum
1064 1712 1266 1763 vituperat
1295 1724 1358 1762 ep.
1384 1710 1453 1749 64.
1485 1713 1620 1764 stipes
1650 1717 1693 1751 et
1725 1712 1963 1751 oblationes
1996 1717 2038 1751 et
2072 1712 2197 1751 lucra

272 1790 557 1836 desiderant,
612 1791 761 1843 quibas
800 1792 928 1846 prins
974 1791 1246 1830 insatiabiles
1287 1790 1510 1829 incubant.
1587 1788 1678 1840 Ipse
1707 1802 1803 1828 vero
1851 1788 2197 1842 Carthaginiensis

273 1869 423 1922 praesul
459 1882 483 1906 a
517 1868 683 1906 sordida
719 1869 797 1907 hae
836 1868 984 1920 agendi
1015 1869 1174 1906 ratione
1208 1868 1288 1906 fuit
1325 1867 1622 1913 alienissimus,
1666 1868 1816 1918 quippe
1853 1868 1922 1917 qui
1953 1868 1995 1905 in
2022 1867 2199 1907 Deciana

274 1948 560 2001 persecutione
584 1953 782 2001 smnptzcs
811 1961 901 1987 una
933 1961 1025 1987 cum
1057 1948 1173 1987 clero
1206 1947 1425 1999 suggessit
1454 1946 1507 1984 de
1531 1947 1777 1999 quantitate
1802 1949 1990 2000 propria
2017 1946 2104 2000 (ep.
2129 1948 2197 1987 36.

274 2032 317 2066 et
336 2024 443 2079 δελ).
500 2025 645 2077 Neque
676 2026 765 2065 aliae
799 2025 969 2064 deerant
999 2028 1134 2080 stipes
1160 2026 1437 2071 voluntariae,
1477 2036 1575 2073 quas
1603 2024 1724 2075 lapsis
1759 2024 1928 2075 aliisque
1955 2025 2199 2066 Christianis

275 2105 546 2146 commendat.
584 2105 656 2154 (de
686 2105 808 2157 lapsis
849 2105 919 2143 fin.
950 2104 1002 2143 de
1038 2104 1178 2143 habitu
1206 2104 1307 2155 virg.
1338 2116 1377 2154 p.
1396 2102 1490 2141 176.
1519 2102 1571 2140 de
1603 2115 1667 2155 op.
1701 2106 1742 2141 et
1774 2103 1967 2142 eleemos.
1995 2118 2035 2156 p.
2066 2105 2200 2158 240.).

455 2183 496 2222 4.
553 2185 665 2224 ἅτινα
703 2185 855 2231 stoloe,
908 2195 1000 2232 quae
1034 2183 1244 2231 dicuntur,
1289 2181 1533 2221 Tertulliani
1569 2185 1688 2221 aetate
1717 2182 1898 2221 nondum
1934 2184 2198 2232 exstiterunt;

278 2278 411 2319 neque
447 2264 563 2303 enim
603 2263 749 2316 pretio
787 2276 858 2302 res
894 2265 984 2302 ulla
1024 2264 1114 2303 Dei
1148 2269 1348 2310 constat,
1402 2261 1525 2300 verba
1566 2265 1659 2300 sunt
1699 2263 1809 2314 ejuS,
1857 2262 2031 2315 Apolog.
2074 2276 2109 2302 c.
2132 2263 2200 2302 39.

324 2449 343 2477 4
368 2451 536 2494 Captura
557 2450 596 2483 11.
621 2460 652 2483 e.
678 2450 836 2485 reditus.
861 2450 984 2485 Mosh.
1002 2452 1212 2485 Comment.
1356 2451 1440 2485 nuit
1480 2452 1519 2485 h.
1549 2451 1574 2485 l.
1603 2450 1753 2493 jejunia
1795 2450 1939 2484 indicta
1984 2450 2103 2484 fuisse
2155 2462 2199 2485 eo

374 2520 420 2552 de
444 2520 560 2553 rebus
579 2519 808 2553 Christianis
841 2525 926 2554 ante
957 2522 1145 2555 Constant.
1161 2521 1213 2555 M.
1359 2519 1538 2563 consilio,
1583 2525 1626 2555 ut
1660 2524 1828 2562 sumtus,
1869 2532 1960 2564 quos
1991 2520 2201 2555 Christiani

376 2602 408 2633 p.
422 2589 501 2624 255.
529 2589 575 2623 de
597 2588 761 2634 stipibus
784 2590 959 2625 universe
983 2592 1094 2625 adeas
1120 2592 1216 2626 Can-
1355 2591 1562 2633 jejunando
1588 2591 1692 2624 haud
1723 2590 1998 2635 impenderent,
2033 2590 2071 2624 in
2106 2602 2200 2635 pau-

374 2659 615 2705 ncgietemm
648 2659 687 2694 in
710 2659 864 2704 Ulpiani
888 2661 1116 2707 fragmentis
1138 2661 1216 2695 Re·
1356 2672 1465 2705 peres
1486 2665 1746 2707 erogarentur.
1782 2661 1840 2694 Cf.
1860 2659 2026 2694 Neandri
2049 2661 2093 2695 G.
2105 2661 2139 2695 (l.
2153 2661 2197 2696 Τ.

375 2730 552 2774 gulurum
580 2732 647 2763 etc.
683 2728 805 2774 Lugd.
832 2731 932 2765 1774.
961 2743 994 2776 p.
1022 2733 1099 2765 444.
1154 2731 1214 2765 In-
1359 2743 1394 2775 p.
1413 2731 1493 2766 287.
