2341 3340
1191 133 1292 184 232

280 285 468 339 possent:
512 285 554 322 et
583 282 626 322 in
654 278 849 322 lateribus
876 280 1001 321 *scalae
1029 292 1149 321 omne
1178 290 1305 333 genus
1333 276 1674 320 ferramentorum
1688 279 1725 309 44
1752 279 1934 321 infixum.
1990 280 2119 320 Erant
2143 280 2203 322 ibi

282 362 420 417 gladii,
462 362 636 412 lanceae,
670 361 800 411 hami,
841 361 1076 401 machaeroe:
1123 362 1168 399 ut
1190 359 1224 399 si
1254 358 1343 410 quis
1371 359 1641 412 negligenter,
1671 364 1741 401 aut
1768 373 1851 401 non
1874 373 2035 402 sursum
2063 359 2204 400 adten-

282 442 385 483 dens
413 442 668 491 ascenderet,
698 442 932 490 laniaretur,
962 445 1005 480 et
1033 452 1174 480 carnes
1206 438 1295 491 ejus
1325 437 1577 479 inhaererent
1604 430 1877 482 ferramentis·
1933 440 1994 481 Et
2014 444 2101 480 erat
2131 438 2206 479 sub

282 522 371 576 ipsa
399 523 506 563 scala
535 522 658 561 draco
691 521 841 562 cubans
870 521 985 561 mirae
1006 517 1317 571 magnitudinis,
1350 519 1420 569 qui
1447 519 1760 559 ascendentibus
1789 519 1956 559 insidias
1984 517 2206 573 parabam,

284 606 327 642 et
362 596 597 643 exterrebat
629 613 682 641 ne
718 600 989 640 ascenderent
1003 596 1052 638 4⁶.
1107 596 1315 638 ‘Ascendit
1349 601 1485 637 autem
1515 596 1682 638 Saturus
1715 599 1849 652 prior,
1888 598 1960 650 qui
1987 598 2136 651 'postea
2161 608 2208 637 se

283 683 454 734 propter
476 693 551 721 nos
579 680 684 720 ultra
712 680 949 728 tradiderat,
989 681 1031 719 et
1059 683 1156 719 tunc
1190 690 1284 716 cum
1312 676 1478 716 adducti
1492 675 1528 704 4⁷
1556 688 1701 717 sumus·
1727 689 1907 729 praesens
1936 689 2020 718 non
2050 676 2208 716 fuerat:

285 763 328 800 et
357 761 544 813 pervenit
571 761 614 800 in
642 756 762 813 caput
788 760 922 808 sealae,
953 761 995 797 et
1022 758 1223 797 convertit
1251 755 1351 805 se43,
1388 759 1432 797 et
1460 755 1562 796 dixit
1590 756 1714 796 mihi:
1761 750 1985 809 Perpetua,
2024 755 2208 796 sustineo

285 838 393 879 1:84⁹:
427 839 521 877 vide
549 851 603 876 ne
631 842 674 875 te
699 837 886 875 mordeat
916 837 1037 875 draco
1066 837 1151 875 ille.

286 915 460 970 Domine
471 915 570 954 Jesu
580 914 748 962 Christi,
778 916 820 952 et
839 913 890 951 de
915 913 989 952 sub
999 911 1035 939 ⁵⁰
1064 913 1151 965 ipsa
1169 907 1290 962 scala,
1319 914 1432 965 quasi
1452 916 1599 954 timens
1616 927 1696 963 me,
1724 914 1835 953 lente
1852 909 1977 966 ejecit
1998 917 2140 966 caput:
2168 915 2213 952 et

287 994 402 1047 quasi
424 990 642 1047 primum51
668 992 842 1045 gradum
861 992 1079 1041 calcarem,
1117 992 1270 1032 calcavi
1297 991 1359 1031 illi
1388 994 1521 1043 caput.
1547 1011 1549 1013 ·
1573 992 1633 1032 Et
1661 993 1827 1032 ascendi
1855 995 1899 1032 et
1915 992 2010 1033 ‘vidi
2029 992 2213 1045 'spatium

287 1074 399 1114 horti
418 1074 700 1123 ‘immensum,
742 1077 784 1114 et
818 1073 862 1113 in
895 1057 1033 1112 medio
1060 1070 1274 1112 sedentem
1303 1070 1515 1111 hominem
1545 1082 1710 1119 canum,
1741 1071 1786 1110 in
1813 1071 1956 1112 habitu
1989 1071 2164 1125 pastoris
2176 1068 2212 1099 ⁵²

311 1230 350 1259 44
372 1230 490 1274 Unci,
522 1232 589 1265 vel
617 1234 718 1265 certe
744 1242 861 1273 amm,
887 1240 961 1274 quo
985 1229 1137 1264 nomine
1161 1240 1231 1264 vo-
1301 1226 1338 1256 5⁰
1372 1226 1493 1263 Locos
1523 1225 1684 1262 adduxit
1708 1225 1955 1271 Holstenius,
1991 1226 2033 1262 in
2074 1227 2211 1272 quibus

385 1304 519 1336 cantur
537 1301 782 1347 harpagines,
809 1300 876 1335 i.e.
900 1300 1075 1335 maximae
1099 1300 1231 1342 falces,
1373 1297 1477 1333 idem
1505 1298 1580 1332 hoc
1611 1297 1656 1332 de
1681 1297 1745 1332 sub
1773 1300 1811 1332 et
1841 1296 1985 1333 similia
2010 1299 2215 1345 leguntur3

408 1352 413 1356 ’
1373 1379 1410 1403 v.
1445 1380 1476 1402 c.
1508 1367 1547 1402 in
1574 1366 1668 1402 actis
1699 1366 1737 1402 S.
1768 1367 1976 1404 elementis
2005 1368 2048 1406 P.
2068 1369 2112 1404 P.
2160 1370 2215 1405 De

1371 1437 1437 1472 sub
1466 1438 1571 1480 cujus
1594 1437 1699 1482 pede.

385 1382 453 1407 seu
494 1372 729 1407 ferramenta
769 1381 951 1412 recurva,
998 1369 1232 1416 longissimIS

386 1441 506 1484 contis
528 1443 668 1484 affixa,
694 1443 843 1487 ἐργαλεῖα
867 1442 984 1487 σιδηρᾶ
1010 1441 1049 1476 in
1076 1439 1232 1475 Glossis.

386 1513 438 1546 H.
465 1515 502 1545 et
527 1511 576 1545 R.

315 1578 352 1609 115
377 1581 599 1616 Prwstabat.
648 1579 688 1615 h.
719 1590 749 1614 e.
779 1579 990 1621 tendebat,
1035 1558 1233 1619 struebat,
1304 1542 1339 1572 ⁵1
1365 1544 1480 1579 Lente
1499 1543 1653 1579 elevavit
1673 1548 1798 1590 σφω’
1825 1549 1861 1581 et
1881 1556 1960 1580 cum
1973 1546 2140 1591 primum·
2166 1546 2214 1582 R·

1221 835 1277 876 Et
1307 835 1391 875 dixi
1425 848 1530 888 ego:
1566 848 1649 875 non
1677 848 1744 876 me
1771 827 2209 875 nocebit-innomine
2253 871 2259 876 .
2320 832 2326 837 ‘

388 1651 632 1686 moliebatur.
681 1650 809 1693 Hujus
842 1648 992 1695 generis
1023 1647 1233 1682 locutiones

393 1721 494 1766 apud
514 1702 694 1756 'TertulL
723 1719 1050 1764 frequentissimae.
1087 1730 1123 1753 v.
1145 1729 1175 1753 c.
1202 1729 1233 1753 c.

385 1790 571 1825 Marcion.
605 1791 669 1826 IV.
700 1802 730 1825 c.
750 1789 808 1825 35.
841 1790 889 1825 ad
911 1788 1116 1834 Scapulam
1147 1800 1178 1824 c·
1198 1787 1232 1824 2.

392 1864 462 1896 etc.
537 1861 588 1895 H.

319 1930 354 1959 46
379 1932 434 1966 De
465 1932 538 1966 hac
566 1930 738 1966 draconis
769 1930 915 1966 visione
947 1929 1029 1977 agit
1050 1927 1234 1975 Augusti-

389 2014 461 2036 nus
492 2002 673 2037 Sermone
701 2002 732 2036 Ι.
753 2002 803 2035 dc
829 2001 892 2046 his
916 2000 1065 2036 sanctiS.
1138 1998 1189 2034 R.

320 2087 356 2115 47
382 2086 546 2121 Tertull.
570 2086 615 2119 de
639 2085 794 2131 patient.
821 2097 851 2119 c.
874 2084 908 2120 3.
949 2085 1037 2120 Cum
1058 2083 1233 2124 traditur,

390 2167 471 2190 cum
489 2155 684 2193 adducitur
705 2159 747 2189 ut
763 2166 873 2200 pecus
895 2155 945 2188 ad
962 2153 1154 2192 vic-timum.
1183 2152 1234 2186 H.

320 2242 357 2271 ⁴¹3
382 2242 438 2278 Ad
461 2254 536 2283 me,
555 2244 615 2276 'ut
646 2240 765 2274 habet
793 2239 922 2274 Editio
949 2235 1143 2272 Ruinarti.

323 2328 358 2356 49
383 2331 497 2373 ἐπέχω,
520 2325 669 2373 ὑπομένω
692 2338 739 2361 σε.
772 2325 835 2359 Sic
860 2323 1050 2369 Vulgatus
1072 2322 1237 2357 verbum

395 2398 570 2433 Graecum
606 2395 724 2430 vertit
753 2394 886 2429 Tobiae
913 2394 956 2428 V.
985 2392 1020 2427 9.
1057 2395 1095 2427 et
1133 2396 1237 2439 μένειν

393 2467 536 2505 matth,
557 2465 699 2500 xxvr.
720 2454 777 2499 38.
825 2463 941 2498 Actor
970 2462 1053 2496 xx.
1078 2461 1114 2496 5.
1164 2461 1237 2496 Su-
1272 2481 1277 2483 -
1316 2471 1318 2473 >

395 2533 538 2574 stinere'
564 2536 686 2583 igitur
705 2537 762 2569 est
781 2537 999 2579 exspectare.
1048 2531 1113 2566 Sic
1144 2542 1237 2577 quo-
1273 2551 1276 2552 ν

395 2613 480 2653 que
498 2610 582 2642 acta
608 2605 792 2652 passionis
829 2603 868 2639 S.
890 2601 1096 2648 Cypriani:
1122 2610 1126 2622 '-
1149 2602 1237 2637 Cum

394 2689 433 2714 se
456 2677 664 2713 Dalmatica
689 2676 916 2721 expoliasset,
944 2674 981 2707 ἱη
1001 2673 1101 2707 linea
1122 2667 1235 2714 stetit,

396 2754 432 2786 et
463 2749 575 2794 coepit
603 2747 859 2794 spiculatorem
885 2745 1073 2780 sustinere.
1138 2742 1191 2777 Η.

1304 1676 1341 1706 52
1364 1675 1569 1721 Ρθηηῐηω
1587 1679 1877 1721 repraesentatus
1893 1679 1958 1718 est
1972 1677 2148 1717 Christus
2172 1690 2216 1715 ea

1375 1745 1523 1789 forma,
1549 1756 1624 1791 qua
1650 1746 1776 1792 pietus
1801 1748 2027 1783 cernebatur
2048 1749 2088 1785 in
2115 1749 2215 1785 vasis

1375 1815 1494 1852 sacris
1525 1815 1631 1852 illius
1657 1818 1841 1863 temporis
1873 1829 1909 1854 v.
1931 1818 2215 1866 Tertullianum

1377 1886 1424 1921 de
1452 1885 1639 1932 pudici-tia
1659 1899 1690 1921 c.
1704 1887 1800 1922 -71et
1821 1887 1878 1925 10.
1925 1888 1994 1924 Est
2019 1888 2123 1923 idem
2149 1888 2214 1923 hic

1375 1955 1512 1992 Pastor
1531 1957 1665 2000 bonus,
1697 1969 1812 2002 quem
1835 1957 2042 1994 sexcenties
2064 1958 2104 1993 in
2127 1969 2214 1994 ana-

1329 2053 1332 2055 .
1376 2025 1534 2072 glyphis
1555 2029 1593 2061 et
1611 2026 1785 2070 picturis,
1805 2037 1971 2068 necnon,
1998 2026 2065 2060 sed
2078 2026 2214 2069 rarius,

1375 2094 1415 2130 in
1438 2095 1601 2140 gemmis
1622 2098 1659 2128 et
1679 2096 1844 2135 lucernis
1864 2099 2038 2131 veterum
2051 2095 2214 2132 Christi-

1377 2173 1538 2199 anorum
1562 2164 1833 2210 conspicimus:
1861 2176 1935 2210 qua
1956 2166 2002 2200 de
2019 2177 2063 2200 re
2082 2177 2214 2203 consu-

1380 2233 1509 2268 lantur
1526 2237 1698 2269 auctores
1711 2235 1831 2269 Romae
1849 2236 2113 2277 subterraneae,
2139 2237 2214 2271 Bo-

1378 2301 1455 2338 sius
1470 2327 1481 2344 ‚
1521 2302 1734 2350 Aringhius
1752 2329 1764 2347 ,
1808 2304 2003 2347 Bottarius
2022 2330 2053 2349 „
2073 2305 2214 2351 aliique

1379 2372 1446 2418 qui
1467 2372 1513 2408 de
1530 2373 1820 2418 antiquitatibus
1844 2374 2073 2415 Christianis
2095 2376 2213 2421 scrip-

1378 2446 1521 2486 serunt,
1546 2454 1581 2478 v.
1597 2455 1627 2478 c.
1649 2443 1853 2487 Bonarota,
1878 2445 2104 2490 Boldettius,
2130 2446 2213 2483 Ma-

1378 2514 1565 2557 machius,
1596 2513 1757 2559 aliisque
1779 2515 1911 2553 multi..¹
1930 2552 1933 2556 ,
1952 2515 2047 2551 Vide
2062 2526 2211 2562 *quoque

1376 2584 1520 2619 librum
1543 2575 1736 2631 nostruin:
1761 2585 1967 2620 Sinnbilder
1988 2585 2064 2626 und
2073 2587 2211 2621 Kunst-

1379 2655 1648 2703 vorstellungen
1668 2656 1734 2692 der
1759 2655 1859 2691 alten
1883 2654 2049 2695 Christen
2068 2655 2097 2690 1.
2109 2667 2144 2701 p.
2155 2654 2210 2691 60.
