2341 3340
1160 143 1227 193 96

226 300 276 331 eo
308 286 570 341 turpitudinis
598 287 808 340 prolapsos
835 287 978 329 fuisse.
1043 287 1239 329 Ceterum
1266 300 1350 329 non
1379 291 1443 328 est
1471 288 1582 342 quod
1611 287 1665 329 de
1689 288 1769 329 hac
1806 290 2000 343 epistola,
2034 302 2156 344 quam

225 368 314 410 aliis
338 368 426 421 jam
463 368 566 407 locis
607 368 840 420 tetigimus,
875 369 1119 408 sententiam
1157 371 1338 408 nostram
1379 367 1574 409 dicamus.
1638 368 1743 408 Nam
1772 369 1971 421 quidquid
2010 369 2063 410 de
2096 383 2163 420 ea,

226 448 276 488 ab
306 446 557 501 Imperatore
585 460 724 487 rerum
756 446 1077 489 Christianarum
1106 447 1218 487 haud
1260 460 1386 501 gnaro
1422 449 1594 500 scripta,
1647 452 1869 498 statuatur,
1903 448 1986 488 hoc
2015 449 2159 501 utique

227 526 353 567 fidem
398 527 511 579 haud
564 526 754 578 infringit
798 525 984 567 Salviano
1031 526 1281 568 Massiliensi
1333 527 1582 581 Presbytero
1627 528 1859 568 Christiano
1915 527 2158 569 habendam.

231 605 492 646 Tentandum
529 605 648 661 unice
690 606 808 645 nobis
845 610 932 655 est,
976 619 1056 658 quo
1099 607 1304 659 probabili
1349 607 1472 647 modo
1496 598 1710 660 'explicari
1759 608 1889 660 possit
1921 608 1993 647 ille
2037 619 2161 659 quem
2216 651 2220 654 ,

230 688 430 725 memorat
467 685 651 724 Astartes
689 686 845 734 cultus,
888 699 980 725 cum
1019 685 1174 725 Christi
1216 686 1454 726 adoratione
1496 700 1520 726 a
1561 687 1708 739 priscis
1745 686 1859 727 Afris
1904 687 2160 740 conjunctus.

230 763 371 804 Dicam
417 764 528 815 quod
577 765 722 804 sentio.
803 764 976 806 Veteres
1027 764 1386 818 Carthaginienses
1436 766 1653 806 coluerunt
1697 765 1800 805 duos
1851 766 1944 807 illos
1993 777 2161 819 magnos

232 843 416 892 Cabirus,
446 843 553 895 apud
572 856 642 883 eos
661 844 863 883 Toladum
891 848 934 883 et
951 844 1200 884 Tholatham
1225 846 1471 898 appellatos3
1505 846 1621 885 illum
1642 858 1665 884 a
1689 845 1826 898 prisco
1852 845 1949 885 inde
1975 849 2162 898 tempore

232 909 435 963 humanis*
454 922 601 960 hostiis
633 922 870 973 placarunt,
909 922 1016 960 hanc
1049 927 1205 963 naturae
1240 928 1414 965 matrem
1442 925 1602 964 lascivis
1632 925 1814 964 moribus
1843 925 2025 965 venerati
2053 927 2162 976 sunt.

231 1000 490 1041 Procedente
518 1013 615 1040 vero
639 1004 840 1053 tempore,
869 1003 915 1040 ut
942 1000 1098 1053 lapides
1113 1000 1339 1041 Leidenses
1371 1015 1463 1042 car.
1478 1014 1527 1042 11.
1556 1003 1719 1055 allegati
1747 1003 1929 1043 indicare
1958 1003 2163 1052 videntur,

232 1092 325 1119 cum
365 1079 488 1119 Baale
523 1080 590 1119 vel
627 1079 787 1120 Tolado
828 1081 873 1119 in
909 1093 1038 1119 unum
1078 1093 1231 1120 numen
1278 1082 1429 1121 coaluit
1475 1080 1700 1130 Tammuz,
1749 1082 2048 1122 vetustissimus
2093 1082 2164 1121 ille

232 1158 487 1199 Phoenicum
531 1158 667 1208 Deus,
707 1161 776 1212 qui
804 1173 902 1200 vero
930 1161 1020 1213 ipse
1050 1170 1168 1211 oequo
1198 1160 1295 1213 jure
1328 1173 1375 1201 ac
1404 1160 1502 1201 Baal
1541 1161 1639 1200 solis
1674 1139 1903 1200 habebatur
1937 1160 2164 1201 incarnatio

231 1241 353 1290 atque
383 1238 515 1291 figura
533 1235 581 1277 1⁶.
639 1238 865 1291 Mysticum
895 1239 1024 1279 fuisse
1057 1253 1236 1290 numen,
1286 1253 1337 1280 ex
1374 1240 1580 1293 mysteriis
1624 1240 1669 1280 in
1702 1240 1791 1292 ejus
1829 1243 1950 1291 atque
1979 1238 2164 1280 Astartes

232 1318 358 1358 sacris
388 1318 604 1359 celebratis
630 1323 756 1373 patet.
822 1320 913 1360 Jam
943 1330 1044 1359 vero
1074 1332 1170 1360 cum
1194 1320 1443 1373 comparatio
1474 1320 1584 1360 inter
1612 1332 1734 1369 eum,
1775 1317 1883 1358 Solis
1912 1318 2164 1371 symbolum,

234 1396 525 1451 Clu-istumque
540 1400 773 1449 Dominum,
803 1402 872 1452 qui
895 1413 938 1440 se
961 1401 1050 1453 ipse
1073 1402 1219 1441 lumen
1243 1400 1401 1440 mundi
1422 1394 1730 1453 (J0.V111.12.)
1760 1399 1931 1447 dixerat,
1961 1408 2166 1450 quemque
2209 1457 2217 1459 ζ

236 1476 459 1518 Christiani
490 1479 636 1520 Solem
665 1480 864 1532 justitiae
903 1485 1070 1521 qzostrae
1109 1478 1209 1534 (qua
1242 1490 1406 1530 quoque
1449 1477 1502 1517 de
1536 1490 1655 1518 causa
1686 1476 1874 1516 Christus
1904 1491 1927 1516 a
1957 1477 2166 1517 veteribus

236 1555 479 1596 Christianis
509 1557 619 1597 haud
646 1559 703 1597 ita
730 1570 823 1597 raro
839 1558 1021 1610 Apollini
1052 1544 1376 1610 assimilaturfi),
1406 1557 1632 1597 salutabant
1642 1555 1690 1607 13,
1723 1560 1766 1596 et
1787 1556 1895 1596 Solis
1919 1560 2028 1597 astro
2054 1567 2166 1609 saepe

236 1636 567 1689 componebant,
614 1641 700 1677 tum
741 1641 909 1677 cruenta
946 1636 1150 1677 Adonidis
1193 1649 1304 1677 mors
1349 1637 1523 1691 ejusque
1566 1637 1612 1677 in
1658 1637 1783 1676 vitam
1831 1635 2011 1684 reditus,
2040 1634 2167 1675 rudes

237 1714 492 1755 Christianos
532 1717 576 1755 in
617 1717 898 1769 gravissimum
933 1717 1051 1755 illum
1094 1728 1278 1755 errorem
1319 1716 1520 1756 inducere
1557 1715 1717 1769 potuit,
1761 1717 1808 1754 ut
1853 1713 2031 1754 eundem
2074 1725 2166 1756 esse

331 1855 622 1893 proeponeretur,
668 1850 706 1882 in
746 1849 950 1883 schismatis
982 1850 1178 1884 remedium
1249 1848 1286 1877 17
1310 1849 1406 1883 Vide
1430 1847 1626 1882 eruditum
1645 1847 1897 1883 VVcrnsdorfii
1927 1845 2166 1880 Helmstadi-

325 1919 475 1961 sactum
520 1924 584 1954 est.
659 1919 758 1954 Nam
803 1923 839 1953 et
880 1919 1111 1954 Alexandriae
1153 1930 1178 1953 a
1320 1917 1418 1953 ensis
1438 1900 1803 1952 excursumXILad
1822 1915 1987 1951 Licentii
2002 1915 2164 1951 Carmen

331 1989 460 2023 Marco
508 1990 755 2035 Evangelz'sta
799 1980 849 2024 a'd
893 1990 1095 2025 Herae-lam
1143 1994 1179 2025 et
1319 1987 1648 2035 adAugustinum,
1668 1987 1794 2032 inquo
1811 1985 1913 2021 v.32.
1938 1987 1984 2020 de
1996 1985 2160 2022 Christo.

333 2060 541 2104 Dionysium
575 2061 790 2105 Episcopus,
835 2059 1046 2105 Presbyteri
1085 2071 1177 2095 sem-
1496 2084 1504 2092 .
1603 2054 1709 2098 Tibi,
1736 2060 1859 2091 noster
1882 2057 2010 2101 Apollo

327 2140 396 2174 per
428 2142 539 2164 tanum
570 2142 613 2164 ex
644 2142 681 2165 se
711 2131 863 2165 electum
878 2155 891 2172 ‚
919 2130 958 2164 in
993 2130 1181 2165 excelsiori
1325 2128 1443 2165 Corda
1455 2127 1583 2174 replet,
1591 2130 1804 2173 patremque
1813 2138 1929 2170 suum,
1949 2131 2165 2173 patremque

331 2201 459 2246 gradu
489 2201 726 2242 collocatum,
769 2201 983 2246 Episcopum
1012 2201 1178 2235 nomina-
2007 2198 2164 2232 Deorum

333 2272 435 2314 bant,
470 2271 637 2316 quomodo
663 2271 697 2304 si
722 2271 899 2305 exercitus
919 2272 1178 2316 Imperatorem
1331 2268 1521 2305 conciliat.

327 2341 475 2386 faciat,
503 2346 570 2375 aut
586 2341 742 2376 Diaconi
760 2342 906 2387 eligant
933 2340 977 2375 de
999 2352 1049 2382 se,
1076 2353 1178 2386 quem
1319 2339 1365 2374 In
1387 2338 1516 2373 Poetis
1539 2335 1686 2373 Latinis
1713 2335 1927 2373 minoribus
1952 2336 2069 2376 Tomi
2097 2337 2162 2373 IV.

333 2413 551 2447 industrium
583 2413 769 2452 noverint,
810 2416 848 2446 et
874 2410 1177 2446 Archidiaconum
1321 2408 1435 2444 Parte
1452 2407 1664 2454 posteriore
1688 2420 1724 2454 P.
1745 2407 1827 2444 ⁸797.
1850 2419 1954 2454 sequ.

335 2486 470 2517 vocent.
507 2481 603 2516 Vide
625 2485 809 2528 praeterea
830 2492 911 2526 quae
932 2492 968 2526 1).
987 2480 1044 2516 5⁰.
1066 2486 1103 2517 et
1122 2481 1180 2517 55.

334 2552 563 2602 ηοῐειιζίηιιιε.
1251 2549 1289 2592 18
1324 2549 1574 2586 Wernsdorfii
1605 2549 1831 2587 Dissertatio
1874 2548 1922 2585 de
1963 2545 2163 2585 Natalibus

265 2622 300 2651 16
325 2623 381 2658 De
406 2622 581 2657 Adonide
612 2621 702 2657 vide
731 2621 782 2656 sis
813 2621 1038 2658 amicissimi
1061 2622 1182 2657 Creu-
1322 2619 1473 2657 invicti.

334 2694 414 2730 zeri
433 2693 638 2739 Symbolik
666 2693 745 2728 und
764 2692 1010 2741 Mythologie
1032 2693 1100 2728 der
1123 2692 1181 2728 al-

335 2769 399 2801 tcn
421 2765 564 2800 Viilker
585 2764 635 2799 ΙΙ.
666 2764 708 2809 pi
725 2763 781 2799 91.
807 2775 910 2808 sequ.
