2341 3340
1193 155 1291 202 186

283 308 443 350 Deinde
463 306 600 360 paucis
623 303 850 357 interjectis
875 314 909 342 c.
926 302 966 342 6.
1016 302 1221 344 Moratur
1244 301 1407 341 ancilla
1420 301 1508 341 Dei
1530 313 1626 340 cum
1651 301 1817 343 laribus
1832 302 2004 350 alienis,
2024 306 2067 343 et
2084 303 2203 344 inter

284 391 384 429 illos
420 388 617 428 omnibus
648 385 883 427 honoribus
917 382 1187 427 doemonum,
1232 379 1429 421 omnibus
1463 381 1714 422 solennibus
1748 394 1923 433 regum,
1963 378 2202 435 incipiente

232 452 238 456 ⁸
284 481 428 516 anno,
466 468 704 521 incipiente
733 477 900 510 mense,
941 460 1096 501 nidore
1133 459 1274 499 thuris
1317 460 1574 512 agitabitur.
1642 461 1708 501 Et
1741 459 1945 513 procedit
1978 460 2032 500 de
2058 461 2205 514 janua

284 549 487 588 laureata
509 551 551 585 et
568 546 812 590 lucernata,
842 547 888 582 ut
915 540 969 580 de
984 552 1095 579 novo
1113 539 1369 577 consistorio
1386 538 1624 579 libidinum.
1662 538 2018 589 Discumbit‘cum
2042 540 2203 579 marito

283 629 329 666 in
361 625 603 672 sodalitiis,
639 637 758 677 saepe
786 623 832 661 in
867 619 1097 673 cauponis,
1131 623 1175 657 et
1204 617 1474 656 ministrabit
1499 631 1813 672 nonnunquam
1843 618 2025 670 iniquis,
2071 618 2204 658 solita

282 704 496 760 quondam
528 703 692 743 sanctis
728 702 985 741 ministrare
1001 724 1095 738 .....
1129 695 1252 749 cujus
1280 708 1456 735 manum
1485 695 1771 743 desiderabit,
1815 696 1868 735 de
1897 696 2020 749 cujus
2046 696 2206 751 poculo

280 782 595 838 participabit?
634 781 751 833 Quid
774 780 964 819 maritus
995 790 1097 817 suus
1128 776 1209 823 illi,
1243 775 1311 814 vel
1332 771 1504 814 ‘marito
1530 774 1636 827 quid
1662 775 1741 814 illa
1766 775 1990 814 cantabit?
2035 774 2208 815 Audiat

281 878 416 909 sane,
454 862 608 901 audiat
639 858 802 910 aliquid
837 857 891 896 de
918 870 1072 902 scena,
1093 880 1095 882 ·
1116 855 1170 894 de
1206 854 1412 900 taberna,
1453 853 1507 892 de
1543 853 1744 906 ganea?
1782 867 1875 908 quae
1899 854 1989 893 Dei
2015 854 2207 894 mentio?

280 955 374 997 quoe
391 939 558 981 Christi
587 936 835 976 invocatio?
867 934 941 972 ubi
956 934 1165 984 fomenta
1182 932 1296 985 fidei
1322 932 1377 971 de
1404 934 1731 986 scripturarum
1761 933 2097 972 interlectione?
2134 932 2211 972 ubi

280 1020 466 1076 spiritus
484 1014 794 1069 refrigerium?
829 1012 902 1052 ubi
925 1010 1078 1050 divina
1103 1010 1374 1050 benedictio?
1398 1010 1561 1049 Omnia
1589 1016 1819 1058 extranea,
1850 1013 1995 1052 omnia
2015 1013 2207 1060 inimica,

282 1100 428 1141 omnia
475 1097 714 1140 damnata,
764 1091 1022 1133 adterendae
1071 1091 1230 1130 salutis
1276 1103 1303 1129 a
1348 1089 1462 1129 malo
1506 1090 1710 1128 immissa.
1789 1089 1846 1129 Et
1882 1103 1995 1129 sacra
2042 1090 2209 1141 quidem

281 1177 499 1224 matutina,
543 1177 684 1212 coetus
713 1172 775 1210 illi
803 1169 1054 1217 antelucani,
1094 1168 1270 1207 ethnicis
1301 1181 1323 1207 a
1354 1167 1416 1206 rei
1445 1166 1688 1205 Christianae
1717 1167 1808 1206 fere
1840 1169 2073 1220 primordiis
2104 1170 2209 1210 adeo

280 1253 418 1304 invisi,
458 1253 696 1304 maritorum
727 1251 770 1289 in
796 1262 945 1288 uxores
976 1249 1228 1288 Christianas
1264 1247 1518 1299 suspiciones
1551 1247 1594 1285 in
1625 1246 1764 1286 Africa
1794 1259 1956 1298 quoque
1993 1249 2220 1298 excitasse,-

281 1339 425 1377 auctor
454 1335 516 1372 est
543 1325 720 1383 scriptor
751 1329 938 1368 ethnicus
969 1328 1179 1380 Apulejus,
1217 1326 1332 1378 cujus
1359 1326 1483 1365 verba
1511 1326 1577 1365 vix
1607 1325 1659 1364 de
1688 1327 1765 1366 alia
1795 1340 1914 1378 quam
1944 1327 1996 1366 de
2026 1331 2210 1368 matrona

283 1408 513 1455 Ch'ristiana
540 1410 717 1462 intelligi
745 1411 926 1461 possunt.
986 1407 1024 1446 Is
1055 1406 1164 1445 enim
1191 1405 1250 1444 sic
1281 1404 1472 1444 habet51:
1522 1406 1645 1445 Tunc
1674 1405 1857 1455 (mulier)
1888 1409 2051 1461 spretis
2084 1415 2210 1462 atque

284 1494 466 1536 calcatis
493 1491 655 1530 divinis
685 1488 952 1534 numinibus,
984 1488 1031 1526 in
1059 1487 1144 1526 vim
1175 1491 1311 1525 certoe
1340 1485 1592 1538 religionis,
1630 1486 1816 1525 mentita
1846 1487 2065 1540 sacrilega
2091 1501 2211 1542 prae-

283 1573 499 1615 sumtione
532 1569 644 1615 Dei,
696 1580 819 1621 quem
855 1565 1125 1620 praedicaret
1170 1565 1375 1611 unicum,
1423 1565 1621 1617 confictis
1660 1564 2031 1605 observationibus
2067 1568 2209 1616 vanis,

273 1653 448 1706 fallens
485 1661 632 1689 omnes
679 1646 905 1692 homines,
948 1649 992 1685 et
1038 1645 1242 1684 miserum
1285 1643 1494 1682 maritum
1539 1642 1788 1697 decipiens,
1834 1644 2054 1683 matutino
2091 1657 2211 1685 mero

286 1732 398 1782 (vino
443 1722 739 1783 eucharistico)
791 1730 835 1765 et
874 1725 1081 1764 continuo
1127 1729 1284 1778 stupro
1335 1735 1492 1776 corpus
1535 1723 1761 1776 mancipat
1776 1720 1824 1760 ⁵2.
1899 1721 1978 1761 Hae
2008 1721 2134 1775 igitur
2168 1723 2213 1763 in

287 1810 542 1851 Christianos
579 1805 791 1845 calumniae
830 1803 1131 1843 Antoninorum
1168 1803 1253 1855 jam
1292 1805 1499 1853 tempore,
1542 1801 1615 1840 sub
1654 1801 1799 1852 quibus
1833 1790 2029 1853 Apulejus'
2062 1801 2213 1851 floruit,

286 1904 360 1944 per
389 1888 572 1929 Africam
610 1887 800 1938 grassatae
832 1882 950 1922 sunt!
1014 1881 1098 1921 Sed
1127 1881 1342 1921 redeamus
1379 1879 1430 1919 ad
1469 1879 1781 1918 Tertullianum.
1836 1879 1910 1920 Illa
1941 1881 2076 1929 enim,
2121 1893 2214 1932 quae

288 1970 341 2009 de
378 1971 484 2007 statu
523 1978 572 2005 ac
615 1964 851 2003 conditio-ne
894 1965 1169 2001 matronarum
1208 1959 1531 1999 Christianarum
1576 1957 1763 2008 Ethnicis
1804 1963 2022 2010 nuptarum
2067 1959 2213 2008 tradit,

289 2050 387 2089 licet
427 2045 570 2086 hostili
604 2043 720 2084 valde
758 2043 801 2081 in
835 2054 998 2081 omnem
1031 2041 1184 2079 cultum
1213 2039 1412 2086 Deorum,
1457 2049 1558 2089 quos
1589 2037 1803 2076 Daemones
1844 2050 1936 2076 esse
1974 2051 2214 2089 persuasum

291 2128 368 2168 sibi
397 2125 558 2173 habuit,
605 2125 740 2164 animo
779 2122 930 2173 scripta
971 2121 1072 2167 sint,
1116 2122 1251 2158 tamen
1288 2117 1496 2169 complura
1529 2128 1625 2154 vera
1668 2116 1899 2164 continent,
1941 2116 2215 2168 miseramque

292 2205 535 2246 Christianae
566 2206 762 2243 matronae
789 2202 831 2240 in
862 2199 984 2238 domo
1013 2198 1177 2239 ethnica
1205 2196 1483 2236 conditionem
1509 2194 1765 2234 vividissimis
1797 2195 2002 2240 coloribus
2030 2196 2215 2248 pingunt.

292 2286 346 2326 Et
373 2285 470 2325 licet
500 2282 635 2322 mariti
667 2279 875 2320 interdum
902 2277 1228 2330 indulgentiores
1261 2278 1424 2323 essent,
1475 2273 1586 2325 quod
1621 2273 1710 2325 ipse
1741 2272 2019 2313 Tertullianus
2048 2274 2214 2324 fatetur,

292 2364 369 2405 etsi
397 2367 439 2403 et
462 2362 543 2402 hoc
566 2360 719 2400 infesto
747 2359 882 2398 animo
911 2357 1002 2396 fieri
1032 2355 1234 2403 statuit533
1275 2355 1374 2394 licet
1401 2353 1494 2392 fieri
1520 2364 1684 2404 quoque
1711 2365 1998 2405 nonnunquam
2023 2353 2214 2405 potuerit,

297 2454 2217 2471 -—.-.----.-—---——-—-——-——-————-———-———-—--—————--—-

317 2518 351 2548 51
374 2518 631 2562 Metamorph.
655 2517 722 2550 IX.
750 2527 785 2560 p.
810 2514 891 2548 223.
917 2514 1093 2548 Elmenh.
1369 2522 1523 2555 quarum
1554 2521 1696 2544 arcana
1727 2508 1765 2542 in
1778 2509 1992 2553 periculum,
2018 2510 2111 2555 quod
2136 2521 2214 2545 cre-

317 2605 353 2633 52
376 2601 594 2639 Jablonskii
617 2601 809 2646 opuscula
838 2600 901 2634 IV·
928 2611 963 2644 P·
984 2597 1042 2634 46.
1371 2581 1474 2621 dunt,
1509 2584 1674 2621 servent,
1718 2579 1752 2613 si
1778 2581 1881 2622 forte
1907 2580 2109 2621 laedantur,
2146 2580 2217 2625 ipsi

1370 2651 1549 2685 sustinent
1571 2675 1583 2692 ,
1627 2662 1779 2695 quarum
1818 2650 1937 2691 dotes,
1982 2650 2215 2692 object-ionem

315 2697 352 2726 53
374 2698 561 2733 sunl-nent
582 2694 821 2740 (indulgent)
843 2693 996 2739 ‘laidem’
1023 2691 1086 2726 sed
1108 2695 1150 2725 ut
1172 2690 1228 2724 ²⁵⁷²-
1369 2721 1532 2762 nominis,
1566 2721 1763 2755 mercedem
1794 2719 1931 2754 silentii
1949 2720 2115 2763 faciant,
2144 2720 2213 2755 sci-

386 2769 539 2807 culcent,
580 2770 619 2799 ut
646 2765 806 2798 illudant
837 2763 1043 2807 hujusmodi
1064 2762 1227 2806 sentint'S,
