2341 3340
1060 133 1159 178 113

155 273 431 314 observantur.
495 272 733 327 Sepeliendi
772 271 896 319 ritus,
937 271 973 311 si
1013 271 1083 323 qui
1120 271 1165 311 in
1197 271 1338 312 Africa
1370 271 1489 312 fuere
1531 276 1779 326 peculiares,
1821 278 2066 329 ignoramus.

155 352 210 392 At
241 351 495 393 Tertulliano
529 353 702 391 florente
734 349 1024 401 Presbyterum
1053 350 1358 399 intercessisse,
1402 352 1490 403 ipse
1524 352 1656 401 docet,
1689 354 1740 393 de
1769 356 1900 395 anima
1933 368 1968 396 c.
2000 356 2067 396 51.

155 430 300 471 Narrat
323 432 430 471 enim
459 429 690 483 prodigium
717 428 770 467 de
796 428 950 468 femina
974 427 1216 477 Christiana,
1254 430 1366 483 qnod
1387 430 1564 470 interim
1589 433 1789 473 oracione
1819 435 2069 488 Presbyteri

156 516 513 565 componeretur,
558 508 618 548 ad
639 509 832 562 primum
865 509 1050 548 halitum
1083 509 1298 548 orationis
1331 521 1486 548 manus
1512 521 1539 547 a
1570 510 1776 550 lateribus
1804 510 1990 551 dimotas
2019 516 2065 551 in

155 589 346 629 habitum
393 587 630 641 supplicem
676 587 1044 639 conformaverit,
1097 600 1352 641 rursumque
1363 615 1376 635 ,
1427 586 1604 626 condita
1649 601 1785 640 pace,
1840 590 1948 629 situi
1986 602 2065 628 suo

154 666 408 708 reddiderit.
474 663 625 705 Preces
653 665 779 717 igitur
814 663 923 703 fudit
950 664 1173 717 Presbyter
1198 678 1280 720 pro
1304 679 1443 719 pace,
1478 664 1521 703 h.
1549 677 1586 703 e.
1623 678 1696 716 pro
1726 667 1868 716 requie
1907 666 2067 714 animae‚

153 742 291 783 addito
322 743 431 783 forte
461 744 600 783 osculo
629 744 753 796 pacis.
812 743 932 794 Quod
958 743 1124 795 quidem
1152 744 1472 795 antiquissimum
1500 743 1582 783 hoc
1605 744 1657 782 ‹le
1686 744 1769 783 ritu
1792 744 2068 783 testimonium

153 823 280 862 miror
314 836 335 862 a
371 823 596 875 Binghamo
632 835 722 861 esse
751 822 995 875 neglectum.
1059 821 1266 874 Pauperes
1301 822 1506 862 communi
1538 823 1724 862 ecclesiae
1753 824 1888 861 sumtu
1919 821 2066 860 effere-

153 899 299 940 bantur
333 901 566 953 (Apologet.
599 913 633 939 c.
657 900 757 951 399.
815 901 978 941 Funera
1010 900 1195 940 modesta
1208 900 1245 928 ⁷⁵
1284 884 1474 954 pompam
1506 901 1688 953 ritusque
1719 901 1918 939 Ethnicos
1947 899 2069 950 repu-

155 977 337 1028 diabant,
375 991 428 1018 ne
461 979 622 1018 coronis
658 979 824 1030 quidem
851 979 1092 1019 funebribus
1120 979 1305 1019 admissis
1342 977 1417 1032 (de
1447 991 1596 1019 corona
1624 993 1659 1019 c.
1685 977 1788 1031 10.).

331 1057 399 1096 20.
460 1059 618 1098 Omnes
635 1064 755 1099 artes
769 1059 995 1099 exulabant.
1054 1060 1157 1100 Nam
1180 1059 1297 1099 hisce
1315 1057 1568 1097 Christianos
1588 1057 1639 1097 ad
1659 1057 1929 1096 idololatriam
1946 1056 2068 1095 facile

153 1133 294 1177 seduci
308 1148 427 1188 posse
446 1139 688 1178 statuebant.
729 1137 863 1186 Nulla,
891 1138 971 1177 nisi
987 1139 1086 1178 boni
1104 1139 1290 1191 pastoris,
1314 1137 1447 1190 imago
1469 1138 1514 1176 in
1536 1136 1730 1176 calicibus
1745 1135 2070 1188 permittebatur,

153 1212 349 1268 (Tertull.
381 1216 433 1256 de
465 1218 662 1270 pudicitia
698 1229 734 1257 c.
758 1216 789 1257 Ι.
820 1217 886 1256 10.
917 1213 1005 1270 13.)
1040 1221 1161 1268 atque
1191 1217 1364 1268 piscium
1395 1213 1470 1268 (de
1501 1214 1700 1266 baptismo
1733 1227 1768 1254 c.
1800 1210 1875 1265 1.).
1933 1213 2069 1252 Habet

143 1293 263 1333 >enim
299 1295 402 1335 Afer
441 1296 657 1340 ΙΧΘΥΝ
687 1283 888 1336 nastrum
924 1296 1069 1337 Jeszcm
1098 1296 1343 1349 Christum,
1390 1295 1433 1331 et
1464 1294 1722 1347 pisciculos,
1772 1303 1873 1342 quos
1906 1302 2069 1341 quoque
2100 1347 2103 1351 .

151 1371 302 1412 incisos
340 1374 493 1414 habent
533 1374 689 1425 lapides
732 1374 795 1414 illi
830 1373 1071 1414 Curubitani
1086 1372 1137 1412 7⁶.
1203 1371 1294 1412 Alia
1333 1371 1543 1423 symbola,
1593 1369 1840 1408 Christianis·
1867 1368 2071 1416 solennia,

154 1454 196 1490 et
240 1451 284 1491 in
327 1453 478 1505 cryptis
520 1451 716 1493 Romanis
765 1453 907 1505 obvia,
959 1453 1203 1506 ignoramus.
1293 1450 1451 1490 Forsan
1485 1448 1707 1502 prodibunt
1745 1448 1789 1487 in
1823 1448 1983 1495 lucem,
2035 1446 2070 1485 si

154 1530 313 1581 quando
364 1531 578 1584 Europaeis
624 1531 700 1572 fiet
738 1535 918 1584 potestas
969 1535 1121 1572 terram
1170 1530 1216 1572 in
1259 1528 1476 1568 ruderibus
1521 1526 1777 1580 Carthaginis
1821 1526 2070 1577 aliarumque

155 1609 315 1649 urbium
348 1609 632 1649 Africanarum
663 1610 849 1650 rimandi.
916 1609 1000 1650 Sed
1035 1609 1087 1650 ad
1117 1610 1227 1650 hunc
1258 1622 1387 1661 usque
1422 1608 1531 1647 diem
1560 1606 1744 1658 hospites
1774 1616 1799 1643 e
1828 1603 2069 1644 cultioribus

153 1688 388 1740 'regionibus
417 1687 622 1728 Tunetum
658 1687 825 1728 advenae
857 1689 1142 1739 antiquitatum
1171 1687 1492 1727 Christianarum
1526 1696 1670 1737 parum
1701 1683 1869 1722 fuerunt
1904 1680 2069 1721 curiosi.

178 1872 213 1902 75
238 1872 500 1908 Commodiani
524 1872 730 1910 Instructio
753 1872 923 1911 LXXIV.
1156 1872 1194 1901 76
1218 1873 1276 1907 Cf.
1299 1871 1509 1918 Epistulam
1532 1874 1701 1906 nostram
1725 1870 1772 1904 ad
1801 1868 2064 1914 Archiepisco-

201 1968 255 2001 De
275 1967 420 2010 funeris
433 1977 566 2011 pompa
586 1966 760 2001 sollicitus
780 1976 856 1999 esse
878 1964 941 2009 qui
958 1963 1087 2009 quoerz's
1226 1954 1319 1988 Pum
1356 1941 1616 1987 Ul'sauensem
1660 1941 1706 1974 de
1746 1938 1894 1973 ‘umbus
1930 1948 2063 1972 mmm*

1227 2012 1365 2047 mentis
1395 2010 1527 2057 priscae
1559 2009 1745 2052 ecclesiae,
1791 2008 1831 2043 in
1862 2008 2064 2043 Commen-

1223 2081 1431 2117 tationibus
1449 2079 1683 2125 Antiquam-iis
1712 2092 1748 2124 p.
1769 2078 1826 2113 66.
1875 2078 1992 2112 Plura
2013 2078 2059 2111 de

1222 2154 1305 2186 tota
1316 2152 1389 2185 hac
1405 2153 1427 2194 ἓ
1447 2153 1485 2183 et
1506 2160 1586 2193 quae
1604 2148 1780 2193 inprimis
1801 2148 1945 2182 seriora.
1965 2151 2061 2181 tem—

200 2037 328 2076 Erras,
356 2036 426 2071 Dei
446 2047 568 2071 servus
589 2037 710 2071 adhuc
736 2037 775 2070 in
792 2039 903 2069 morte
921 2034 1083 2079 placere,

204 2106 301 2141 Pro!
344 2105 545 2139 exanimum
578 2117 705 2150 corpus
729 2105 854 2141 ornari
881 2106 1082 2147 funestum.

204 2176 235 2211 0
251 2176 396 2211 vanitas
415 2186 525 2219 vera3
549 2187 677 2222 cupere
699 2174 883 2221 defunctis
902 2173 1083 2210 honorem!

1221 2230 1314 2265 pora
1337 2221 1518 2265 spectant,
1551 2217 1657 2252 dabit
1682 2217 1940 2251 Lcidekkerus
1963 2217 2059 2251 Sect.

1222 2291 1281 2326 V*
1295 2292 1361 2309 *⁴*
1385 2288 1444 2325 26.
1473 2289 1519 2323 de
1540 2288 1646 2323 cultu
1674 2287 1839 2322 ecclesiae
1862 2287 2058 2322 Africanae.

319 2785 362 2819 M
364 2783 482 2819 [interi
505 2781 708 2819 Primordia
732 2782 901 2818 Ecclesiae
929 2783 1123 2827 Africanae.
1750 2776 1796 2812 15

1059 2896 1069 2939 i
