2341 3340
1227 158 1293 211 76

472 302 514 343 7.
571 303 692 356 Quod
719 316 817 344 vero
851 302 903 344 ad
935 304 1030 365 vitae
1059 315 1210 357 genera
1240 302 1420 355 pertinet
1448 311 1540 354 quae
1568 299 1761 355 amplecti
1791 297 2034 341 Christianis
2060 299 2227 341 licitum.

295 387 424 433 esset,
456 366 601 423 eadem
628 384 672 423 in
695 383 911 433 Africana,
944 395 1036 434 quae
1064 384 1108 423 in
1133 384 1292 435 reliqua
1319 382 1514 431 ecclesia,
1541 378 1772 434 ,reperimus
1798 380 1978 420 decreta.
2033 379 2221 430 Namque

294 464 498 504 idolorum
521 463 714 511 artifices,
739 464 964 515 astrologi,
995 464 1122 515 magi,
1154 462 1397 509 histriones,
1427 463 1470 499 et
1492 473 1632 500 omnes
1661 461 1731 512 qui
1754 459 1933 499 nefando
1950 460 2045 499 vitae
2069 470 2221 512 genere

292 544 445 584 victum
475 542 726 594 quaerebant,
756 555 780 581 a
805 542 1008 594 baptismo
1037 541 1292 580 arcebantur.
1349 539 1650 591 Nonnunquam
1676 544 1813 580 tamen
1840 541 1950 579 inter
1966 538 2223 578 Christianos

293 625 505 677 cooptatos
540 621 671 661 fuisse
690 649 703 669 ,
741 621 928 674 legimus.
999 620 1060 660 De
1094 620 1300 659 idolorum
1321 619 1560 663 ,artificibus
1599 620 1643 658 in
1677 620 1861 659 ordinem
1896 617 2222 658 ecclesiasticum

290 701 462 742 adiectis
499 701 675 753 graviter
704 701 889 753 queritur
913 700 1252 748 Tertullianus253
1287 699 1557 747 histrionem,
1590 699 1659 751 qui
1688 698 1949 737 christianam
1978 697 2223 749 religionem

289 781 427 820 fuerat
455 780 663 833 amplexus
682 808 695 829 ,
738 783 1030 820 commemorat
1053 778 1299 832 Cyprianus,
1349 778 1433 828 qui,
1464 791 1589 830 quum
1620 778 1700 817 iste
1729 778 1868 826 homo,
1904 789 1987 815 non
2014 777 2148 816 solum
2175 774 2221 814 in

289 860 366 900 hac
398 864 486 900 arte
515 863 810 912 perseveraret,
847 871 989 898 verum
1019 859 1143 898 etiam
1171 870 1322 910 pueros
1350 857 1394 896 in
1420 857 1569 897 'eadem
1599 857 1804 905 erudiret,
1840 856 1921 895 hoe
1953 856 2066 895 nullo
2095 853 2220 894 modo

288 938 463 979 concedi
489 950 612 990 posse
641 938 861 977 arbitratus
892 935 1011 976 est27.
1068 937 1130 975 De
1162 938 1307 976 militia
1333 949 1458 985 vero,
1501 939 1639 976 utrum
1671 936 1904 976 Christiano
1937 936 1990 975 sit
2018 934 2130 974 licita
2168 946 2220 973 an

285 1018 441 1066 illicita,
471 1018 515 1056 in
543 1017 673 1056 varias
705 1016 928 1056 sententias
958 1015 1147 1054 abierunt
1175 1013 1281 1052 Afri.
1344 1014 1513 1053 Scilicet
1548 1028 1599 1053 ex
1627 1016 1716 1067 ipso
1751 1015 1996 1055 Tertulliani
2027 1014 2133 1054 libro
2166 1012 2219 1052 de

285 1108 439 1136 corona
466 1096 607 1135 militis
639 1098 765 1148 patet,
796 1094 1044 1146 Carthagine
1074 1093 1187 1133 haud
1211 1094 1269 1132 ita
1298 1093 1428 1133 fuisse
1451 1106 1615 1145 paucos,
1650 1094 1720 1145 qui
1743 1095 1883 1133 militis
1912 1095 2021 1134 illius
2050 1093 2218 1140 factum,

286 1176 356 1227 qui
378 1188 571 1216 coronam
591 1175 810 1228 abjecerat,
838 1175 1131 1227 improbarent,
1164 1176 1214 1219 et,
1228 1173 1448 1216 militarem
1462 1175 1586 1214 vitam
1607 1186 1700 1212 cum
1728 1172 1986 1225 professione
2005 1172 2217 1224 religionis

285 1254 531 1295 Christianae
563 1255 732 1295 minime
768 1266 950 1306 pugnare
992 1257 1249 1302 statuerent,
1299 1258 1422 1306 atque
1463 1266 1538 1306 pro
1585 1266 1656 1293 sua
1704 1254 1908 1293 sententia
1944 1255 2153 1305 praecepto
2192 1265 2217 1291 a

284 1333 474 1375 Johanne
501 1334 689 1388 Baptista
714 1333 913 1374 militibus
937 1332 1065 1372 Lucae
1093 1332 1166 1372 ΙΙΙ.
1190 1332 1257 1372 14.
1296 1332 1411 1382 dato,
1444 1333 1723 1386 exemplisque
1750 1333 1913 1381 Josuae,
1957 1330 2218 1371 Centurionis
2275 1380 2278 1382 v

281 1412 384 1453 Luc.
408 1413 498 1455 VII.
530 1417 574 1453 et
597 1413 780 1454 Cornelii
803 1413 1008 1459 Actorum
1036 1412 1088 1454 X.
1116 1415 1343 1452 uterentur.
1401 1412 1436 1451 Ii
1463 1425 1574 1460 vero,
1611 1413 1759 1464 quibus
1788 1413 1932 1451 militia
1959 1412 2097 1451 invisa·
2116 1414 2216 1459 erat,

281 1505 376 1533 cum
408 1492 461 1533 ad
493 1493 770 1533 sacerdotium
801 1492 1128 1532 Christianorum
1163 1493 1373 1546 spirituale
1401 1492 1699 1545 provocabant,
1742 1495 1828 1531 tum
1858 1492 1993 1531 omnia
2021 1490 2216 1544 pericula,

281 1572 428 1622 quibus
473 1573 626 1611 milites
675 1572 899 1612 Christiani
939 1577 1110 1626 propter
1147 1573 1397 1613 tentationes
1435 1572 1487 1612 ad
1529 1572 1682 1611 cultum
1721 1571 1925 1610 idolorum
1943 1598 1955 1619 ,
2001 1583 2117 1618 cum,
2134 1570 2216 1610 vita

280 1650 448 1691 militari
478 1654 591 1691 arcte
620 1652 898 1705 conjunctum,
942 1652 1222 1692 exercendum
1252 1652 1418 1692 obnoxii
1446 1655 1581 1700 crant,
1621 1648 2002 1704 perhorruerantffi.

301 1838 337 1867 26
361 1839 418 1873 De
448 1839 580 1874 idolol.
608 1851 638 1874 c.
659 1839 694 1873 7.
742 1841 979 1890 Adleguntur
1004 1841 1042 1872 in
1067 1842 1228 1874 ordinem
1298 1840 1335 1868 27
1362 1840 1545 1885 Cypriani
1572 1839 1733 1886 epistola
1758 1840 1792 1873 2.

373 1910 659 1944 ecclesiasticum
704 1911 866 1953 artifices
905 1910 1092 1944 idolorum.
1152 1911 1227 1944 Pro

372 1980 515 2014 scelus!
548 1980 665 2014 Semel
693 1981 814 2014 Judaea·
843 1961 984 2014 Christo
1011 1992 1140 2014 manus
1168 1980 1226 2014 in-
1298 1979 1335 2009 28
1359 1980 1418 2014 cf.
1440 1978 1609 2015 Neandri
1633 1977 1741 2016 Geist
1762 1978 1825 2015 des
1845 1979 2082 2017 Tertullians
2104 1981 2210 2028 1³5⁰.

372 2050 550 2091 tulerunt,
585 2050 649 2085 isti
670 2051 827 2095 qnotidie
849 2062 976 2095 corpus
1003 2051 1083 2094 ejus
1108 2051 1226 2086 laces-
1368 2050 1539 2086 llo-115.

373 2125 468 2156 sunt.
521 2122 552 2156 O
580 2132 709 2156 manus
742 2121 1005 2167 praecz'dendae!
