2341 3340
1018 164 1083 210 61

105 301 229 343 modo
268 302 487 342 referenda
513 301 593 341 sint
622 300 745 340 verba
773 299 963 353 Cypriani
995 312 1058 353 ep.
1087 299 1155 339 29.
1189 314 1229 353 p.
1256 300 1323 341 55.
1385 305 1557 346 Fecisse
1589 315 1829 355 meantem
1856 315 2004 356 sciatis

111 381 340 421 Lectorem
380 381 615 426 Saturum,
658 384 703 419 et
736 378 1095 433 Hypodiaconum
1141 381 1351 434 Optatam
1393 383 1719 441 Confessorem‚
1772 404 1873 443 qnos
1906 392 2003 445 jam

103 459 272 513 pridem
317 458 533 499 communi
566 457 744 496 consilio
784 457 910 496 Clero
948 459 1170 512 proximos
1189 460 1469 511 feceramus,
1522 464 1694 516 qnando
1733 472 1811 506 ant
1838 464 2002 510 Satura

104 537 175 577 die
204 538 378 592 paschae
413 535 543 574 semel
575 538 702 587 atque
741 536 903 575 iterum
945 537 1173 576 lectionem
1217 537 1415 577 dedimus
1424 552 1441 584 ‚-
1487 544 1567 580 ant
1598 542 1722 582 modo
1758 557 1851 585 cum
1878 546 2004 586 Pres-

103 614 266 668 byterz's
296 614 558 653 Doctorihus
594 615 777 654 lectores
809 614 1044 666 diligenter
1070 615 1384 668 probaremns;
1431 617 1641 670 Optatam
1669 621 1788 661 inter
1823 624 2006 665 lectores

102 692 321 731 doctorem
370 691 646 732 audientium
699 694 1002 732 constituimus
1021 722 1034 741 ‚
1085 695 1416 742 examinantes,
1473 709 1533 735 an
1586 706 1878 749 congruerent
1916 704 2004 742 illis

101 769 377 817 testimonia,
421 783 519 823 qnae
553 784 644 810 esse
687 769 841 810 debent
881 771 928 809 in
970 772 1037 811 his
1078 773 1152 825 qui
1185 772 1245 811 ad
1278 773 1453 812 Clerum
1490 775 1783 828 parabantur.
1850 778 2004 827 Quibus

99 845 263 893 verbis,
318 847 492 887 obscura
529 849 627 886 licet
660 847 767 895 sint,
822 848 958 887 inesse
994 851 1131 888 tamen
1163 849 1323 889 videtur
1356 851 1633 891 testimonium
1666 852 1720 891 de
1756 863 1852 893 cura
1885 860 2006 907 atque

97 921 296 963 industria
332 924 527 977 Episcopi
570 929 612 964 et
643 925 755 964 Cleri
788 925 1132 979 Carthaginiensis
1164 929 1207 967 in
1234 929 1458 969 formandis
1491 933 1534 968 et
1565 931 1760 970 exercitio
1786 933 2005 984 probandis

97 1000 161 1048 iis,
193 1002 261 1052 qui
290 1004 532 1043 sacerdotali
552 1004 692 1043 officio
723 1004 911 1043 obeundo
934 1005 1124 1045 destinati
1151 1011 1277 1047 erant.
1334 1006 1517 1048 Primum
1544 1020 1655 1058 vero,
1683 1009 1792 1061 quod
1819 1012 2004 1063 sciamus,

97 1077 366 1121 Seminarium
399 1081 652 1122 Clericorum
679 1083 926 1135 Augustinus
954 1084 1129 1123 instituit
1138 1084 1186 1124 ¹7.

275 1159 429 1211 Itaque,
469 1174 592 1212 quum
619 1161 811 1200 deessent
838 1163 1064 1211 seminaria,
1093 1164 1266 1216 juvenes
1293 1165 1367 1212 illi,
1397 1165 1466 1215 qui
1493 1166 1711 1216 antiquiori
1738 1169 1923 1219 tempore
1951 1169 2002 1208 ad

94 1248 256 1278 sacrum
283 1252 430 1278 munus
457 1240 813 1291 praeparabantur,
853 1241 902 1280 ab
930 1241 1146 1292 Episcopis
1181 1253 1229 1281 ac
1261 1241 1517 1292 Presbyteris
1551 1242 1793 1283 docentibus
1829 1246 2003 1286 instituti

94 1317 283 1357 videntur
313 1319 356 1357 in
390 1318 644 1370 dogmatibus
682 1319 979 1369 praeceptisque
1008 1319 1238 1371 religionis,
1276 1320 1319 1359 in
1345 1320 1624 1360 confutatione
1655 1334 1839 1361 errorum
1866 1325 2002 1375 profa-

94 1409 237 1436 narum
264 1397 530 1449 religionum,
560 1397 603 1436 in
628 1396 796 1448 mystica
817 1395 859 1434 S.
877 1391 1098 1448 scripturae
1129 1399 1396 1450 expositione,
1426 1412 1546 1450 quam
1570 1399 1693 1438 Afros
1719 1400 1925 1440 adamasse
1953 1416 2003 1442 ex

96 1474 348 1514 Tertulliano
377 1478 499 1526 atque
524 1475 725 1528 Cypriano
755 1478 930 1523 constat,
972 1479 1094 1526 atque
1119 1477 1238 1527 simul
1267 1478 1309 1516 in
1343 1477 1560 1517 Catechesi
1594 1464 1838 1518 exercitatos
1862 1480 2001 1520 fuisse.

94 1552 158 1593 Illi
184 1557 338 1602 autem,
374 1555 442 1605 qui
466 1555 712 1605 provectiori
735 1555 821 1606 jam
852 1557 971 1593 aetate
1010 1553 1061 1592 ad
1089 1567 1258 1594 munera
1288 1555 1563 1595 ecclesiastica
1590 1556 1868 1608 adspirabant,
1915 1559 2002 1611 ple-

92 1643 263 1681 rumque
294 1637 409 1671 erant
436 1632 622 1671 homines
645 1632 788 1680 literis,
823 1645 915 1683 quae
944 1633 1106 1684 publice
1129 1632 1374 1684 Carthagine
1406 1633 1669 1682 docebantur,
1698 1635 1804 1674 bene
1829 1636 1977 1676 eruditi
1987 1651 1999 1684 3

93 1709 138 1750 id
164 1709 273 1761 quod
298 1720 335 1747 v.
351 1722 386 1747 c.
411 1709 463 1747 de
480 1708 681 1760 Cypriane
702 1710 911 1748 memoriae
934 1710 1164 1748 mandatum
1190 1714 1265 1758 est,
1299 1714 1514 1761 antequam
1530 1711 1771 1751 Christianis
1789 1726 1834 1754 se
1859 1714 2001 1765 adjun-

95 1790 229 1839 geret,
269 1787 435 1837 egregio
468 1799 677 1825 causarum
703 1790 894 1836 patr0n03
933 1799 1011 1824 nec
1045 1787 1097 1825 de
1128 1787 1380 1827 Tertulliano
1409 1789 1453 1827 in
1481 1789 1648 1829 dubium
1674 1792 1810 1829 vocari
1837 1794 2000 1843 poterit,

92 1865 355 1917 religionum,
385 1864 668 1915 mysteriorum
696 1867 818 1914 atque
847 1864 1130 1915 allegoriarum
1161 1864 1412 1904 ethnicarum
1441 1867 1700 1918 peritissimo.
1757 1868 2002 1921 Hujusmodi

91 1943 216 1995 igitur
237 1942 333 1990 viri,
365 1946 578 1994 postquam
608 1941 773 1981 Christo
805 1954 953 1981 nomen
982 1941 1213 1991 dedissent,
1244 1944 1407 1995 propria
1438 1944 1615 1985 lectione
1652 1949 1695 1985 et
1721 1946 2001 1997 meditatione,

93 2020 274 2061 consiliis
308 2020 481 2059 fratrum
510 2008 679 2072 insuper
709 2020 858 2073 adjuti,
900 2024 1014 2060 tanto
1049 2021 1226 2060 faciliori
1261 2023 1426 2074 negotio
1465 2024 1756 2075 perfectiorem
1791 2026 2001 2079 religionis

92 2100 302 2147 notitiam,
339 2098 466 2150 qualis
496 2099 541 2138 in
570 2098 805 2138 doctoribus
834 2099 1016 2152 ejusdem
1044 2100 1345 2152 requirebatur,
1381 2113 1522 2152 parare
1549 2102 1629 2143 sibi
1656 2106 1887 2154 potuerunt.

231 2199 235 2202 <
270 2178 339 2217 11.
394 2175 478 2215 Sed
503 2180 715 2229 postquam
742 2178 784 2217 in
805 2176 1056 2217 Christianos
1079 2178 1213 2230 gladio
1244 2181 1287 2217 et
1311 2178 1405 2230 igue
1428 2182 1650 2230 grassatum
1668 2180 1761 2227 fuit,
1793 2181 1999 2234 Martyres

94 2260 136 2297 et
174 2255 439 2296 Confessores
483 2253 782 2310 (Tertullianus
828 2257 936 2295 enim
981 2268 1028 2295 ac
1072 2255 1294 2308 Cyprianus
1335 2256 1450 2296 hisce
1494 2258 1727 2297 nominibus
1768 2260 1997 2310 promiscue

92 2338 259 2375 utuntur
277 2363 289 2382 ,
347 2333 633 2385 Martyresque
667 2334 733 2373 vel
774 2335 804 2374 ii
836 2335 1105 2382 vocabantur,
1162 2334 1233 2384 qui
1280 2335 1545 2374 atrocioribus
1585 2338 1798 2381 tormentis
1832 2337 1996 2378 fortiter

91 2407 375 2464 restiterant),
421 2413 465 2451 in
497 2413 663 2453 Clerum
700 2414 904 2466 praecipue
939 2413 1117 2465 cooptati
1145 2411 1344 2452 videntur.
1402 2414 1450 2453 In
1478 2413 1662 2454 Concilio
1691 2416 1800 2455 enim
1829 2415 1996 2456 Cartha-

92 2491 264 2544 giniensi
293 2503 315 2528 a
343 2488 543 2540 Cypriano
572 2492 777 2530 celebrato
809 2492 997 2545 suffragia
1027 2492 1200 2545 legimus
1228 2492 1448 2532 multorum
1474 2492 1788 2546 Episcoporum,
1825 2495 1893 2546 qui
1929 2495 1993 2534 vel

92 2569 295 2621 Martyres
317 2567 381 2606 vel
405 2567 670 2608 Confessores
696 2569 924 2621 fuerunt383
953 2575 1047 2611 sunt
1067 2574 1203 2611 autem
1227 2574 1456 2622 sequentes.
1515 2571 1561 2611 In
1577 2573 1850 2614 Pnormom
1880 2573 1992 2614 Pno—

113 2732 150 2760 1¹1
171 2732 363 2768 Possidius
393 2731 430 2766 in
462 2731 541 2766 wita
564 2731 768 2777 Augustini
797 2746 827 2769 c.
853 2734 884 2768 2.
910 2735 942 2770 3.
1085 2735 1120 2762 18
1145 2734 1327 2779 Cypriani
1357 2746 1469 2778 opera
1495 2747 1529 2779 p.
1555 2736 1635 2771 229.
