2341 3340
1156 167 1256 213 132

245 317 413 370 quidem
462 326 514 354 ex
553 312 689 352 studio
738 311 876 364 legum
916 309 1193 350 Romanarum
1225 312 1523 362 praeconceptae
1572 309 1761 349 notiones
1815 309 1858 348 in
1903 302 2173 349 Christianam

245 395 491 437 Tertulliani
524 392 768 445 religionem
796 391 1031 445 migrarunt.
1099 389 1201 430 Inde
1230 401 1395 440 quoque
1422 401 1604 428 summus
1637 400 1760 439 quem
1789 387 2019 439 antiquitati
2051 391 2175 439 atque

242 474 454 516 traditioni
472 473 661 513 ecclesiae
675 471 880 511 Africanae
897 470 1040 510 tribuit
1067 469 1223 517 honor;
1254 467 1353 508 inde
1368 468 1570 507 sententia
1590 468 1677 521 ejus
1705 468 1757 507 de
1789 468 1946 507 unitate
1971 466 2172 517 ecclesiae,

246 559 361 596 extra
390 566 511 605 quam
534 552 644 591 nulla
669 551 722 590 sit
742 550 848 590 salus
870 548 1081 602 speranda,
1114 547 1379 598 omniumque
1393 547 1684 595 haereticorum
1705 550 1935 587 contemtus
1954 545 2175 598 odiumque

245 634 519 680 acerrimum3
565 634 760 682 etquum
787 630 877 682 ipse
906 628 958 668 ad
990 624 1341 676 Montauismu'm‚
1380 627 1450 679 qui
1479 640 1552 679 pro
1585 628 1673 680 ejus
1709 626 1876 679 ingenio
1913 626 1955 665 in
1994 629 2173 665 mentem

216 697 334 767 &ejus
361 724 453 753 sese
483 724 601 763 quam
627 710 803 749 maxime
833 708 1040 748 insinuare
1069 706 1267 755 debebat,
1304 706 1558 754 transiisset,
1601 706 1712 745 idem
1744 706 1813 745 hic
1851 705 1895 745 in
1924 704 2174 753 catholicos,

242 805 348 845 quos
386 791 610 844 Psychicos
641 789 835 840 appellat
856 787 913 835 2⁷,
936 808 940 810 -
960 786 1185 829 vehemens
1233 786 1403 826 animus.
1482 785 1674 826 Attamen
1705 785 1903 826 restincto
1941 784 2175 837 interlapsis

242 872 451 914 nonnullis
483 870 597 909 annis
621 869 757 917 aliquo
785 866 908 905 modo
937 865 1103 914 furore,
1137 878 1183 905 se
1206 866 1256 905 iis
1279 866 1323 905 in
1349 864 1591 913 defensione
1623 864 1899 903 doctrinarum
1928 865 1970 904 in
2000 864 2174 903 ecclesia

241 954 501 1002 receptarum
534 947 728 1007 adversus
756 944 977 984 haereticos
1010 942 1223 995 adjunxit,
1263 944 1543 996 majoremque
1582 956 1676 983 cum
1719 943 1769 982 iis
1815 956 2059 993 consensum
2108 943 2175 984 vel

241 1030 387 1070 saltem
419 1027 624 1067 mitiorem
655 1024 707 1064 de
736 1024 787 1064 iis
820 1022 1064 1063 seutentiam
1097 1021 1320 1061 declaravit
1357 1034 1394 1060 v.
1423 1035 1459 1061 c.
1496 1023 1539 1061 in
1571 1023 1678 1062 libro
1711 1022 1768 1063 de
1798 1022 2175 1076 praescriptionibus

239 1108 532 1149 haereticorum
553 1106 604 1144 ²3.
672 1102 858 1145 Tametsi
894 1114 1021 1151 vero,
1073 1101 1307 1141 secessione
1346 1114 1370 1141 a
1406 1099 1634 1140 Catholicis
1667 1100 1804 1150 facta,
1851 1102 2175 1143 Montanismum

240 1188 452 1241 amplexus
489 1185 617 1225 fuerit
636 1213 648 1233 ‚
695 1184 843 1223 mirum
886 1185 1078 1233 quantum
1120 1181 1297 1234 posteris
1333 1180 1513 1233 placuit,
1558 1191 1712 1231 eosque
1749 1181 1792 1220 in
1824 1194 1928 1222 suas·
1949 1182 2172 1222 sententias

238 1268 375 1308 traxit.
434 1265 603 1305 Scilicet
634 1276 694 1312 ea,
728 1275 820 1314 quae
852 1261 904 1300 de
933 1262 1090 1301 unitate
1121 1261 1310 1303 ecclesiae
1340 1260 1552 1309 docuerat,
1596 1271 1619 1300 a
1652 1258 1869 1312 Cypriane,
1905 1261 2032 1314 ipsius
2062 1261 2173 1302 illius

238 1346 350 1388 sedis
381 1345 614 1398 Episcopo,
662 1355 756 1382 cum
785 1355 864 1394 qua
892 1340 1156 1381 Montanistis
1188 1339 1466 1381 dimicandum
1507 1342 1623 1388 erat,
1666 1341 1795 1392 magis
1835 1341 2013 1394 expolita
2046 1345 2173 1394 atque

239 1430 357 1468 aucta
386 1425 555 1464 fuerunt
569 1422 629 1461 2⁹:
682 1422 897 1474 disciplina
927 1433 1088 1460 morum
1123 1419 1173 1460 ab
1211 1433 1262 1460 eo
1296 1417 1579 1459 commendata
1625 1419 1849 1460 monastica
1886 1420 2021 1460 studia
2050 1421 2174 1471 aluit;

237 1506 404 1546 termini
433 1502 675 1555 theologici,
716 1513 818 1551 quos
843 1500 998 1552 primus
1021 1500 1220 1548 adhibuit,
1251 1511 1289 1538 v.
1309 1512 1345 1538 c.
1379 1499 1537 1539 Um‘tas
1570 1499 1809 1539 Trinitatis
1844 1498 1951 1549 (adv.
1973 1498 2170 1541 Praxean]

237 1584 290 1624 11.
320 1580 407 1638 12.)
444 1585 648 1625 Trinitas
687 1582 818 1622 unius
849 1579 1126 1627 divinitatis,
1167 1581 1331 1620 Filium
1367 1592 1421 1619 ea·
1455 1579 1590 1619 Patre
1627 1579 1865 1632 procedere
1909 1575 2020 1634 (adv'.
2049 1577 2170 1619 Prax.

235 1677 274 1706 c.
303 1664 343 1703 2.
369 1659 448 1715 Ἄ).
507 1662 591 1718 (De
619 1659 818 1714 pudicitia
849 1671 886 1698 c.
918 1654 1022 1710 IL).
1079 1659 1276 1699 Persona
1302 1659 1348 1698 in
1382 1659 1621 1705 Trinitace,
1661 1654 1772 1710 (adv.
1804 1655 1920 1696 PraX.
1941 1657 2095 1710 saepius
2125 1662 2172 1698 et

204 1752 207 1753 ’
236 1740 357 1797 alias)
396 1745 604 1784 voluntas
640 1742 729 1782 Dei
763 1753 879 1795 pura
914 1737 1094 1787 (exhort.
1133 1736 1330 1777 castitatis
1367 1745 1404 1776 c.
1431 1735 1526 1786 3·>;
1575 1736 1759 1776 liberum
1793 1736 2169 1786 arbitriamroedv.

259 1901 296 1931 27
322 1901 464 1936 Anima
505 1898 661 1944 quidem
689 1895 891 1943 praeditos,
936 1906 1051 1940 quam
1075 1895 1179 1928 Deus
1319 1891 1469 1928 lumina
1499 1891 1580 1935 ejus
1612 1891 1838 1936 poposcisse.
1885 1892 1942 1927 Dc
1969 1893 2043 1928 hac
2072 1893 2167 1928 Car·

331 1970 480 2006 Adamo
517 1968 688 2010 inflavit,
725 1968 792 2002 sed
820 1965 994 2001 efficacia
1021 1964 1178 2009 spiritus
1320 1961 1572 2008 thagiuicnsis
1584 1961 1762 2006 Episcopi
1775 1961 2166 2008 ergaTertullianum

331 2040 438 2076 illius
461 2040 677 2082 destitutos,
703 2049 778 2083 quo
799 2035 1178 2081 discipuliParaclcti
1319 2032 1536 2067 reverentia
1586 2031 1786 2067 Labbeum
1830 2032 2011 2075 dubitare
2062 2034 2164 2080 lego.

330 2111 631 2157 inspirabantur.
677 2108 806 2154 Episc.
834 2107 1006 2143 Lincoln.
1032 2106 1177 2142 Eccles.
1318 2103 1404 2138 Hoc
1422 2101 1579 2147 quidem
1601 2105 1748 2136 certum
1767 2106 1835 2146 est,
1866 2103 2099 2138 Tertulliani
2120 2104 2163 2140 'in

331 2182 497 2227 History
517 2194 555 2226 p.
574 2179 659 2215 257.
1150 2174 1153 2175 ⁷
1321 2172 1504 2219 Cypriani
1522 2172 1702 2217 operibus
1726 2173 1958 2208 mentionem
1971 2184 2166 2219 nunquam

261 2275 300 2306 28
322 2277 410 2311 Hoc
438 2274 557 2310 etiam
583 2277 690 2312 notat
711 2273 976 2318 Hieronymus
1006 2271 1045 2308 in
1067 2271 1179 2308 eata·
1319 2244 1406 2279 fieri
1425 2270 1436 2287 ’
1481 2253 1696 2289 quanquam
1729 2242 1811 2285 ejus
1849 2243 2032 2278 humandi
2061 2255 2161 2291 ⁵³9⁰

331 2349 423 2395 logo
454 2346 630 2381 virorum
660 2344 884 2380 illustrium.
1320 2315 1526 2350 admodum
1545 2312 1781 2348 occasionem
1800 2314 1948 2349 habuit.
1974 2313 2162 2350 Fortassis

603 2401 606 2402 ⁷
1319 2395 1455 2421 nomen
1477 2383 1559 2428 ejus
1591 2383 1641 2417 ob
1665 2383 1968 2419 montanismum·
1994 2385 2160 2423 reticuit.

259 2464 296 2494 29
321 2463 558 2510 Cyprianum
589 2462 675 2496 ideo
704 2460 990 2496 Tertullianum
1020 2455 1180 2493 maximi
1319 2456 1582 2501 Hieronymus
1608 2453 1712 2490 enim
1739 2464 1821 2489 rem
1843 2449 1887 2488 ut
1910 2458 2053 2489 certam
2073 2465 2160 2490 nar—

331 2535 483 2575 fecissc,
505 2534 625 2568 refert
648 2531 909 2576 hieronymus
939 2531 984 2564 dc
1002 2530 1177 2574 scriptor.
1319 2531 1379 2562 rat
1404 2550 1415 2568 ,
1457 2537 1502 2561 ex
1542 2524 1760 2560 testimonio
1796 2524 1911 2559 amici
1948 2524 2012 2559 sui
2047 2523 2160 2560 Pauli

332 2603 597 2640 ecclesiasticis
620 2615 649 2637 c.
664 2602 720 2637 53.
752 2606 789 2636 et
807 2595 1000 2645 nunquam
1022 2600 1070 2634 ab
1095 2599 1176 2641 ejus
1319 2595 1670 2632 Concordiaeltaliae
1694 2594 1975 2636 commorantis,
2002 2594 2068 2639 qni
2086 2594 2159 2629 hoa

331 2674 496 2710 lectione
516 2684 630 2707 unam
658 2672 759 2706 diem
784 2671 1011 2717 praeteriisse
1026 2695 1036 2712 ‚
1062 2673 1176 2714 atquc
1317 2668 1390 2702 sibi
1412 2678 1457 2702 cx
1476 2651 1541 2701 ore
1563 2665 1680 2712 ipsius
1690 2664 1850 2708 Notarii,
1870 2655 1949 2709 qno*
1965 2652 2056 2699 'usus
2077 2669 2159 2701 erat

332 2756 356 2780 a
375 2743 523 2779 notario
543 2755 611 2778 suo
630 2742 759 2778 verbis
786 2743 836 2778 da
856 2742 1077 2787 magistrum
1106 2751 1174 2775 vo·
1317 2736 1554 2785 Cyprianus,
1585 2737 1779 2772 retulerat.
