2341 3340
1003 78 1005 80 ¹
1060 114 1157 162 183

155 259 363 312 Legionis,
395 272 514 311 quem
534 259 655 312 Cajus
679 260 940 298 constituerat
955 260 1047 309 post
1061 256 1254 305 Silanum,
1283 259 1353 309 qui
1380 260 1543 301 ultimus
1571 262 1939 308 fueratProconsul
1967 283 2058 310 cum

155 339 328 391 imperio
360 340 541 386 militari5
593 338 678 392 (his
713 339 820 377 enim
850 338 968 376 unice
992 337 1062 390 jus
1089 337 1211 389 gladii
1240 349 1478 378 concessum
1512 344 1616 391 erat)
1655 344 1697 382 in
1727 346 1894 397 reliquis
1923 354 2056 391 autem

154 419 372 468 provinciis
394 431 415 456 a
433 417 765 456 Procuratoribus
780 416 1054 468 Augustorum
1083 419 1204 467 atque
1222 415 1448 467 Legionum
1465 418 1690 460 Praefectis.
1747 423 1978 469 Numidiam
2007 441 2057 469 eo

154 499 338 549 tempore
366 498 471 536 rexit
500 495 540 533 S.
569 494 711 534 Varius
740 494 989 543 Marcellus,
1029 494 1169 534 Severi
1204 494 1339 535 affinis
1377 500 1419 534 et
1453 497 1572 537 Julioe
1606 498 1842 542 Soaemiadis
1877 508 2057 556 maritus,

155 576 237 626 qui,
267 587 387 626 quum
418 572 560 611 Sevevi
589 573 767 612 animum
798 577 936 612 nosset
963 574 1005 612 in
1027 573 1287 624 =Christianos
1316 575 1634 626 propensiorem,
1679 580 1729 618 iis
1758 585 1851 621 ante
1881 584 2057 625 edictum

152 653 446 704 promulgatum
489 652 554 690 vix
590 653 817 692 molestiam
848 652 996 691 intulit.
1072 651 1217 703 Neque
1256 652 1504 692 credendum
1541 653 1830 699 Procuratores
1874 654 2066 712 Caesaris,

150 730 418 770 Mauretanioe
458 731 699 782 praefectos,
743 744 884 782 pacem
926 732 1112 770 ecclesiae
1151 732 1358 780 turbasse,
1406 744 1529 783 quum
1560 736 1601 772 et
1634 734 1680 772 hi
1708 734 1848 776 Severi
1879 748 2057 783 mentem

150 811 354 861 cognitam
383 810 581 854 haberent
595 808 652 848 ⁴⁴:
702 810 780 848 nisi
809 809 1012 848 interdum
1043 822 1066 849 a
1095 809 1304 848 Plautiano
1334 810 1437 850 clam
1467 810 1628 850 Caesare
1668 815 1860 855 concitati
1894 818 2059 860 fuerint.

149 889 257 929 Ludi
286 893 421 928 autem
458 888 696 927 Christianis
732 887 835 926 adeo
872 888 1055 927 exitiales
1093 889 1211 927 unice
1253 889 1480 928 edebantur
1509 889 1781 944 Carthagine,
1824 895 1867 934 in
1889 896 2060 950 Amphi-

147 969 309 1008 theatro
331 968 448 1020 juxta
478 966 618 1006 Castra
649 966 844 1006 Praetoria
872 971 1076 1006 exstructo
1088 965 1135 1006 45.
1192 967 1284 1007 Hoc
1318 969 1427 1008 enim
1454 969 1497 1008 in
1521 969 1634 1018 loco,
1670 972 1821 1023 populo
1850 981 2058 1026 spectante

147 1045 466 1099 plaudenteque,
505 1045 725 1084 Christiani
756 1046 897 1085 bestiis
927 1046 1236 1098 objiciebantur.

324 1124 366 1164 7.
438 1122 629 1162 Omnium
671 1136 768 1163 vero
808 1124 979 1176 primus,
1028 1126 1096 1176 qui
1134 1126 1177 1166 in
1212 1126 1353 1166 Africa
1392 1139 1465 1179 pro
1502 1126 1666 1167 Christo
1706 1136 1879 1172 mortem
1920 1134 2055 1184 subiit,

147 1203 308 1244 videtur
338 1203 467 1242 fuisse
492 1201 761 1254 Namphanio,
799 1202 925 1242 homo
956 1216 979 1242 e
1008 1202 1161 1243 Punica
1190 1205 1329 1256 stirpe,
1360 1208 1406 1243 ut
1436 1217 1585 1244 nomen
1616 1207 1821 1258 indicat‘ffi,
1852 1213 2059 1254 oriundus.

147 1284 455 1335 Archimartyr
477 1293 524 1321 ea
547 1281 598 1320 de
621 1294 738 1321 causa
759 1282 1022 1328 salutabatur3
1060 1294 1234 1332 eumque
1247 1282 1449 1321 Maximus
1466 1283 1749 1324 Madaurensis
1764 1286 2059 1332 Grammaticus

149 1361 200 1401 ad
231 1360 502 1413 Augustinum
525 1360 731 1407 scribens,
767 1361 934 1400 cunctis
962 1361 1062 1401 Diis
1087 1362 1400 1401 immortalibus
1427 1365 1640 1415 proeserrz‘
1666 1366 1923 1416 queritur473
1974 1377 2059 1410 erat

148 1441 258 1479 enim
297 1438 500 1479 Maximus
538 1439 607 1478 ille
644 1438 842 1478 ethnicus.
925 1437 1068 1477 Socios
1109 1439 1197 1491 ejus
1234 1443 1434 1479 memorat
1468 1441 1696 1494 Migginem
1733 1456 1764 1483 s.
1794 1445 2059 1498 Mygdonem,

145 1517 332 1558 Lucitam
361 1521 402 1556 et
421 1517 618 1565 Samamn,
647 1517 835 1558 homines
864 1517 1091 1556 identidem
1107 1517 1282 1557 Poenos.
1338 1519 1395 1558 Ili
1423 1519 1547 1571 igitur
1574 1522 1698 1572 prisci
1730 1523 1882 1564 Africae
1913 1528 2058 1569 incoloe

146 1597 190 1636 in
217 1597 298 1635 hoc
329 1600 528 1635 terrarum
562 1599 692 1635 tractu
722 1596 843 1648 primi
873 1596 990 1634 fuere
1022 1596 1090 1647 qui
1120 1596 1308 1648 Martyrii
1337 1610 1527 1638 coronam
1563 1599 1894 1651 adipiscerentur.
1957 1606 2059 1647 For-

143 1679 253 1714 tasse
286 1674 393 1725 quod
420 1674 626 1713 inferioris
660 1678 796 1713 essent
824 1674 1067 1715 conditionis
1099 1677 1164 1715 vel
1193 1677 1449 1728 etiam-servi.
1508 1677 1553 1716 In
1569 1678 1862 1732 Martyrologio
1875 1682 2059 1728 Romano

144 1752 667 1793 Madaurenseshabentur.
725 1753 928 1793 Incertum
956 1754 1055 1793 hoc!
1113 1753 1307 1794 Attamen
1339 1768 1480 1794 eorum
1498 1757 1695 1796 festivitas
1712 1758 1921 1802 Madaurae
1950 1766 2058 1805 cele-

146 1832 350 1871 brabatur.
423 1831 510 1870 Nec
542 1832 619 1870 soli
655 1832 762 1883 passi
797 1836 902 1871 sunt.
972 1832 1176 1872 Maximus
1214 1835 1322 1873 enim
1361 1834 1644 1875 Madaurensis
1682 1836 1734 1875 de
1774 1838 1861 1879 aliis
1897 1854 2058 1895 quoqne

144 1911 325 1962 loquitur
355 1911 638 1950 interminato
664 1923 858 1959 numero,
896 1923 996 1962 quos
1019 1913 1117 1952 Diis
1143 1913 1458 1967 hominibusque
1491 1915 1638 1955 odiosa
1664 1929 1754 1956 esse
1784 1922 1960 1961 nomina
1991 1924 2058 1962 ait.

323 1989 364 2027 8.
429 1988 523 2027 Huc
561 1988 775 2028 commode
808 2001 970 2040 quoque
1004 1991 1224 2031 inserenda
1251 1992 1456 2040 videntur,
1500 2006 1590 2044 quae
1619 1993 1908 2047 Tertullianus,
1948 2002 2057 2042 nulla

146 2067 342 2118 temporis
370 2068 578 2106 mentione
607 2068 726 2116 facta,
766 2069 870 2108 libro
897 2068 948 2107 de
968 2069 1128 2121 jejunio
1158 2083 1192 2109 c.
1217 2070 1282 2109 12.
1313 2070 1365 2110 de
1393 2075 1524 2111 morte
1540 2072 1708 2112 Pristini
1736 2080 1881 2115 narrat.
1937 2078 2058 2120 Hune

146 2159 234 2189 non
276 2145 569 2186 Christianum
609 2146 856 2199 Martyrem
901 2148 1102 2198 appellat,
1152 2149 1273 2199 quia,
1320 2161 1442 2200 quum
1489 2152 1783 2191 tormentorum
1819 2154 1858 2192 vi
1895 2162 2057 2198 coactus

151 2241 2056 2264 Q

174 2300 210 2327 ⁴4
235 2300 408 2334 Morcolli
436 2301 485 2335 II.
513 2313 546 2345 p.
569 2301 626 2336 50.
1221 2304 1287 2347 (al.
1303 2305 1378 2349 44.)
1414 2316 1471 2338 no.
1497 2306 1531 2340 2.
1578 2306 1662 2340 Erit
1685 2308 1783 2342 forte
1813 2310 1888 2359 ἕως
1911 2319 1983 2362 ²³?AE
2014 2319 2058 2349 ut

1223 2378 1348 2408 censet
1371 2375 1471 2409 Sam.
1492 2374 1638 2408 Petitus
1664 2376 1823 2412 Miscell.
1847 2379 1889 2414 L.
1911 2380 1959 2416 ll.
1981 2384 2054 2419 c.8.

173 2391 206 2418 ⁴¹5
235 2393 385 2425 M'mwre
420 2392 511 2426 cuim
540 2394 726 2428 Castrensi
759 2405 900 2431 eramus
926 2406 1079 2441 pagna-

1222 2444 1475 2488 adstipulante
1515 2455 1653 2490 magno
1680 2445 1873 2483 Bocharto
1916 2451 2055 2498 Geogr.

245 2462 340 2502 tu1·i‚·
364 2461 457 2494 Acta
475 2461 510 2495 S.
534 2461 569 2495 S.
590 2462 785 2507 Perpetuae
812 2469 850 2498 et
869 2464 1081 2500 Felicitatis

183 2555 185 2557 .
246 2529 345 2573 p.16.
371 2533 408 2564 et
433 2531 603 2565 Ilolsten.
632 2531 670 2565 in
692 2533 796 2567 Notis
823 2546 857 2578 p,
882 2534 961 2569 143.
1222 2524 1314 2549 ΜΗ·
1339 2526 1373 2558 Ρ·
1396 2526 1445 2548 m‘
1471 2512 1550 2549 766'

173 2620 207 2648 46
233 2622 326 2655 Boni
339 2622 444 2666 pedis
471 2623 644 2656 hominem
667 2624 781 2658 hocce
806 2638 939 2660 nomen
961 2627 1080 2673 signi-
1150 2628 1186 2657 47
1210 2629 1315 2663 Inter
1326 2629 1529 2675 Augustini
1548 2631 1666 2675 Epist.
1687 2631 1741 2667 16.
1767 2631 1833 2674 (al.
1847 2633 1922 2680 43.)
1948 2647 2004 2671 no.
2022 2638 2054 2672 2.

243 2692 329 2726 ficut
340 2703 384 2725 cx
406 2690 715 2737 interpretatione
727 2694 1010 2742 AugustiniEp.
1023 2699 1077 2733 17.
1100 2706 1101 2710 ’
1221 2699 1280 2733 Cf.
1302 2698 1528 2733 Morceuum
1556 2712 1590 2744 p.
1610 2700 1665 2735 48.

1264 2847 1279 2880 NK
