2341 3340
1043 167 1139 213 181

132 315 323 355 crucibus
354 319 399 354 et
427 314 650 368 stipitibus
684 310 905 364 imponitis
935 309 1232 354 Christianos,
1271 309 1367 345 sunt
1396 307 1485 360 ejus
1515 307 1665 356 verba,
1709 307 1881 360 Apolog.
1911 320 1946 347 e.
1969 307 2044 347 12:

135 395 314 446 ungulis
340 392 553 432 deraditis
585 393 726 431 latera
746 388 1095 428 Christianorum
1109 415 1228 426 ......
1257 387 1444 426 cervices
1467 388 1669 440 ponimus
1699 394 1802 427 ante
1824 389 2042 442 plumbum

133 477 178 511 et
211 473 430 524 glutinum
462 476 504 509 et
532 468 736 521 gomphos
745 480 760 512 ;
807 466 867 505 ad
895 466 1052 505 bestias
1078 466 1341 519 impellimur
1359 491 1477 504 ......
1517 465 1689 518 ignibus
1719 468 1892 506 urimur
1923 496 2044 508 ......

134 550 182 588 iu
214 550 393 588 metalla
424 542 697 593 damnamur3'
728 574 872 585 .......
903 547 950 584 in
974 546 1139 584 insulas
1168 544 1428 596 relegamur.
1489 540 1558 580 Sic
1589 544 1710 582 etiam
1731 543 1904 598 Apolog.
1931 545 2046 584 aaz).

132 626 186 665 ‹le
217 628 322 677 stipe
362 629 569 664 menstrua
613 624 838 664 disserens:
888 626 979 665 hoec
1015 624 1142 677 quasi
1171 622 1368 676 deposita
1398 621 1581 674 pietatis
1616 627 1718 661 sunt
1751 650 1855 663 .....
1896 627 2046 678 egenis

135 704 305 744 alendis
338 704 648 757 humandisque
680 733 775 744 .....
809 705 913 743 item
945 703 1202 754 naufragis,
1249 706 1292 740 et
1323 702 1362 739 si
1389 700 1464 753 qui
1494 700 1541 738 in
1573 700 1782 747 metallis,
1825 707 1868 741 et
1900 684 2046 755 quiin

135 784 308 830 insulis,
340 784 407 822 vel
438 784 483 822 in
518 783 740 828 custodiis,
771 782 1003 821 dumtaxat
1035 794 1089 819 ea:
1119 792 1251 819 causa
1284 779 1372 818 Dei
1394 785 1537 825 sectoe,
1568 779 1737 817 alumni
1764 781 2048 830 confessionis

133 875 226 902 suoe
240 863 378 916 fiunt.
439 860 657 912 Lapidibus
690 871 851 910 quoque
869 858 1089 899 Christiani
1114 859 1156 897 in
1173 857 1312 897 Africa
1339 870 1363 896 a
1391 857 1512 908 plebe
1542 855 1677 894 obruti
1699 854 1827 894 fuisse
1849 856 2050 906 videntur,

132 942 304 991 aliisque
339 939 471 979 modis
507 952 582 990 per
619 937 839 989 ludibrium
869 938 1026 986 vexati,
1064 950 1100 976 v.
1131 950 1165 976 c.
1195 936 1343 975 botulis
1376 947 1521 974 cruore
1551 934 1738 973 distentis
1768 935 1829 973 ori
1861 935 2049 985 admotis,

133 1018 327 1074 (Apolog.
354 1031 390 1057 c.
409 1014 471 1070 9.)
506 1030 626 1068 quem
658 1017 823 1069 quidem
853 1017 988 1056 cibum
1017 1016 1214 1068 praecepti
1237 1014 1462 1067 Apostolici
1490 1013 1629 1052 Actor.
1645 1012 1734 1053 XV.
1746 1012 1814 1051 29.
1846 1026 2049 1055 memores

133 1098 207 1149 (de
236 1109 398 1150 monog.
427 1110 462 1136 c.
487 1095 528 1135 5.
564 1096 736 1148 Apolog.
767 1108 803 1135 c.
828 1091 905 1148 9.),
945 1096 1241 1135 aversabantur.
1298 1093 1385 1133 Nec
1420 1093 1590 1132 mortuis
1623 1092 1795 1132 nominis
1829 1091 2049 1135 Christiani

130 1176 272 1216 hostes
302 1175 534 1228 parcebant.
592 1175 648 1214 Hi
675 1176 798 1224 enim,
827 1178 873 1214 ut
902 1175 1046 1215 asserit
1076 1174 1353 1213 Tertullianus
1376 1172 1548 1223 Apolog.
1579 1183 1614 1209 c.
1632 1170 1701 1208 37.
1730 1173 1835 1225 ipsis
1856 1175 2048 1214 Baccha-

133 1256 300 1295 nalium
321 1256 465 1307 furiis
498 1266 522 1293 e
558 1255 754 1305 sepulcris
786 1255 932 1302 avulsi,
981 1253 1146 1292 dissecti
1185 1255 1308 1302 atque
1345 1249 1527 1288 distracti
1566 1248 1746 1286 fuerunt.
1818 1250 1918 1299 Quae
1951 1264 2048 1292 vero

137 1334 272 1373 omnia
299 1333 409 1372 haud
437 1346 460 1372 a
486 1332 791 1384 Magistratibus
814 1333 947 1384 jussa,
986 1331 1060 1370 sed
1093 1345 1116 1370 a
1144 1330 1265 1382 plebe
1292 1330 1336 1368 in
1366 1328 1617 1367 Christianos
1645 1327 1808 1388 furente
1837 1332 2051 1372 commissa

133 1424 242 1461 esse,
280 1411 585 1463 magistratibus
615 1414 750 1450 tamen
781 1410 893 1450 haud
920 1409 1262 1462 impedientibus,
1301 1420 1375 1459 per
1406 1420 1451 1446 se
1479 1411 1602 1459 patet.

311 1489 481 1530 Metalla
523 1494 682 1539 autem,
738 1491 781 1529 in
819 1503 910 1541 quoe
954 1488 1247 1529 damnabantur
1282 1486 1504 1525 Christiani
1541 1486 1661 1534 Afri,
1706 1486 1925 1539 quaerenda
1959 1493 2052 1529 sunt

135 1570 355 1617 viciniora,
393 1571 534 1618 utpote
567 1568 788 1621 Hispanica
814 1571 857 1607 et
879 1567 1102 1607 Sardinica.
1159 1566 1205 1605 In
1232 1566 1320 1617 ipsa
1346 1564 1487 1603 Africa
1510 1563 1706 1612 Romana,
1745 1567 1859 1619 cujus
1888 1569 2052 1609 metalla

135 1650 360 1690 reticentur
397 1661 419 1687 a
455 1647 686 1687 Burmanno
716 1651 759 1686 et
786 1646 1034 1699 Caryophilo
1048 1645 1107 1694 36,
1147 1645 1228 1684 fuit
1259 1646 1480 1685 metallum
1509 1644 1746 1698 Siguense,
1785 1645 1894 1696 quod
1926 1646 2053 1686 habet

136 1728 348 1780 inscriptio
378 1727 561 1779 epistolae
587 1727 695 1765 inter
711 1725 970 1778 Cyprianicas
990 1724 1047 1763 79
1073 1738 1113 1777 p.
1141 1723 1226 1762 235
1253 1721 1414 1762 Fell.3⁷.
1471 1721 1631 1761 Nomen
1658 1723 1739 1761 hoc
1768 1723 1810 1762 in
1842 1724 2052 1765 codicibus

138 1808 297 1847 diverse
329 1805 533 1846 scribitur.
597 1803 701 1844 Sunt
727 1805 835 1843 enim
864 1804 934 1855 qui
967 1803 1122 1842 habent
1151 1803 1412 1854 Singuense.
1475 1800 1523 1839 In
1555 1800 1711 1839 Tabula
1740 1800 2053 1855 Peutingeriana

139 1892 185 1927 et
223 1885 437 1925 itinerario
487 1882 684 1923 Antonini
734 1882 884 1934 legitur
939 1894 1090 1921 nomen
1139 1880 1277 1933 oppidi
1326 1879 1562 1928 Numidici,
1608 1880 1741 1934 Sigus
1783 1881 1850 1919 vel
1890 1882 2050 1935 Sugus.

140 1953 347 2005 Habemus
394 1974 556 2015 quoque
598 1962 814 2003 Victorem
851 1961 1127 2015 Sugitanum.
1194 1961 1347 2014 Sigam
1379 1963 1603 2012 praeterea,
1653 1958 1846 2010 oppidum
1887 1960 2052 2000 alterius

142 2037 409 2094 (Tingitanae)
452 2040 721 2081 Mauretaniae
763 2052 814 2080 ex
854 2040 1024 2080 adverso
1066 2039 1237 2080 Malacae
1279 2039 1514 2092 Hispaniae,
1561 2042 1853 2077 commemorat
1896 2038 2053 2079 Plinius

140 2123 247 2162 Hist.
278 2119 369 2160 Nat.
397 2118 447 2160 V.
474 2119 513 2158 2.
577 2119 701 2159 Aliud
738 2121 946 2159 metallum
982 2120 1025 2158 in
1060 2119 1206 2158 vicinia
1236 2118 1515 2170 Carthaginis,
1558 2130 1582 2157 a
1620 2117 1900 2168 septentrione
1940 2118 2053 2156 urbis

139 2197 275 2249 Bona,
307 2201 415 2238 extat
452 2198 495 2237 in
526 2202 666 2238 monte
696 2198 881 2251 Jadogh,
919 2199 989 2249 qui
1020 2197 1144 2236 habet
1175 2197 1276 2236 ferri
1309 2196 1470 2235 fodinas
1486 2194 1534 2233 38.
1593 2194 1787 2233 Ceterum
1821 2196 2051 2248 lapicidinae

143 2290 305 2331 qnoque
332 2277 495 2316 metalla
527 2276 798 2325 vocabantur3
846 2277 1073 2330 cujusmodi
1105 2277 1223 2316 suere
1259 2276 1421 2314 metalla
1452 2275 1521 2313 illa
1550 2273 1780 2321 Thebaica,
1822 2273 2052 2326 Martyrum

144 2356 493 2397 Palaestinensium
523 2363 721 2404 carceres,
754 2355 807 2394 de
837 2355 983 2405 quibus
1011 2356 1213 2395 Eusebius
1236 2355 1288 2393 de
1310 2353 1560 2405 martyribus
1574 2351 1802 2391 Palaestinae
1836 2365 1871 2391 c.
1888 2352 1927 2391 8.
1952 2356 1994 2391 et
2013 2354 2050 2392 9.

143 2437 212 2487 qni
228 2434 501 2486 Porphyriten
531 2435 665 2474 locum
693 2437 996 2478 commemorat,
1028 2435 1087 2473 sic
1120 2447 1169 2473 ex
1197 2434 1361 2473 nomine
1391 2432 1601 2472 marmoris
1632 2431 1689 2470 ibi
1720 2430 1858 2470 effossi
1887 2431 2052 2471 dictum.

167 2589 202 2617 36
228 2587 438 2623 Burmanni
461 2588 506 2622 de
527 2588 779 2634 vectigalibus
800 2590 841 2625 P.
854 2590 901 2624 R.
928 2590 1073 2635 Caryo-
1144 2588 1181 2616 37
1203 2588 1489 2622 RuinartiActa
1500 2587 1662 2632 Mai-tyr.
1683 2587 1810 2632 1220&
1835 2587 1948 2621 Deest
1961 2598 2051 2622 vero

241 2658 338 2703 phili
357 2659 402 2692 (le
429 2657 594 2701 antiquis
622 2658 719 2700 auri,
747 2660 910 2705 argenti,
936 2659 1072 2701 stanni,
1214 2657 1252 2691 in
1285 2657 1450 2691 editione
1472 2657 1677 2691 Baluziana
1707 2669 1763 2701 ep.
1785 2656 1841 2691 8⁰.
1870 2669 1904 2701 p.
1925 2656 2005 2692 163.

239 2728 334 2771 aeris,
359 2726 582 2773 plumbique
606 2727 758 2770 fodinis,
806 2728 1072 2764 Viennae1757.
1144 2742 1180 2770 3ss
1206 2742 1362 2777 cellarii
1385 2742 1523 2787 geogr·
1553 2742 1708 2786 antiqua
1734 2742 1783 2776 Π·
1811 2754 1844 2787 P·
1870 2742 1950 2777 909,
