2341 3340
1202 156 1269 201 60

272 302 613 353 Presbyterorum
661 299 866 338 incertum
887 327 900 345 ‚
949 296 1223 337 Diaconorum
1274 295 1550 349 septenarium
1599 295 1841 335 numerum*
1867 295 1919 334 ad
1977 295 2196 349 imaginem

271 380 475 422 Ecclesiae
515 377 902 430 Hierosolymitanae
949 375 1106 425 fuisse,
1153 375 1264 416 haud
1305 375 1454 429 injuria
1500 375 1733 415 statuimus:
1797 373 1850 414 de
1884 373 2053 426 reliquis
2092 374 2198 415 nihil

273 459 512 513 conjectura
543 457 704 508 assequi
731 457 844 496 licet.

455 538 522 578 10.
581 537 766 587 Quonam
800 534 924 575 modo
958 534 1111 574 Clerici
1140 532 1527 585 Carthaginienses,
1574 534 1720 584 quibus
1757 533 1934 573 docendi
1972 536 2015 572 et
2044 532 2198 572 cultum

272 617 481 672 publicum
510 613 820 656 administrandi
860 614 1044 654 officium
1088 612 1378 661 incumbebat,
1426 613 1478 653 ad
1510 612 1592 652 hoc
1633 614 1713 652 rite
1749 614 1984 653 obeundum
2021 610 2200 651 instituti

272 700 396 749 atque
423 695 639 749 praeparati
665 693 841 743 fuerint,
873 694 1120 747 ignoramus.
1176 691 1241 732 Ne
1270 691 1430 730 scholas
1460 691 1627 743 quidem
1644 690 1865 731 Christiani
1888 693 1979 731 Afri
2006 690 2200 731 habuisse

268 775 474 825 videntur,
509 775 553 814 in
582 773 730 825 quibus
756 774 874 826 pueri
898 773 1155 826 juvenesque
1188 771 1496 818 erudiebantur-3
1542 770 1820 809 Tertullianus
1850 772 1957 810 enim
1973 801 1985 819 ,
2017 769 2200 821 quamvis

270 858 394 908 negat
432 853 687 894 Christianos
726 852 1100 904 ludimagistrorum
1147 855 1268 902 atque
1317 849 1596 903 professorum
1639 850 1848 889 literarum
1876 849 2041 888 'officio
2081 847 2200 899 fungi

268 946 390 987 posse
418 936 587 985 propter
615 930 891 970 Idololatriam
921 943 1014 969 cum
1041 929 1187 968 harum
1216 929 1517 981 professionum
1551 929 1745 968 exercitio
1771 929 2050 981 conjunctam,
2087 925 2201 965 haud

2005 1005 2201 1046 Scholam

269 1089 584 1134 catecheticam‚
626 1088 766 1140 quales
801 1084 1120 1134 Alexandriae1⁵‚
1161 1084 1450 1132 Antiochinam,
1486 1085 1656 1136 aliisque
1687 1086 1731 1124 in
1762 1088 1983 1140 majoribus
2013 1084 2199 1125 ecclesiis

267 1015 407 1052 tamen
452 1010 648 1062 prohibet
697 1021 750 1048 ne
798 1008 1019 1047 Christiani
1071 1007 1233 1046 scholas
1274 1006 1543 1045 Ethnicorum
1593 1007 1856 1058 frequentent
1879 1007 1927 1046 14.

268 1168 446 1207 conditae
475 1170 610 1215 erant,
645 1166 893 1218 Carthagine
920 1165 1130 1212 floruisse,
1165 1163 1278 1203 nullo
1307 1163 1401 1202 loco
1429 1163 1605 1216 legitur-3
1647 1165 1726 1204 nisi
1749 1165 1860 1204 forte
1888 1165 1971 1204 huc
2003 1163 2200 1215 quodam-

291 1329 327 1358 14
353 1331 410 1364 De
441 1331 637 1364 Idololatr.
664 1343 693 1364 c.
714 1330 770 1364 10.
819 1330 973 1363 Scimus>
989 1330 1063 1363 dici
1083 1342 1210 1375 posse.-

361 1401 396 1436 εἰ
405 1401 530 1435 docere
543 1402 670 1435 literas
681 1400 750 1434 Dei
761 1401 871 1434 servis
888 1412 960 1433 non
974 1401 1071 1442 licet,
1098 1402 1208 1435 etiam

361 1482 428 1505 nec
453 1471 589 1505 discere
614 1472 745 1505 licebit.
795 1472 845 1505 Et
865 1471 1034 1515 quomodo
1054 1471 1132 1515 quis
1153 1471 1211 1504 in—

359 1542 572 1577 stitueretur
591 1542 640 1575 ad
654 1541 892 1585 prudentiam
917 1541 1060 1576 interim
1080 1542 1210 1575 huma-

360 1623 459 1653 nam,
479 1612 535 1646 vel
546 1611 596 1645 ad
604 1623 846 1657 quemcunque
855 1623 996 1646 sensum
1006 1612 1062 1645 vel
1073 1616 1206 1653 actum,

360 1694 441 1716 cum
466 1682 743 1716 instrumentum
772 1682 821 1715 sit
853 1682 904 1715 ad
930 1693 1067 1715 omnem
1093 1682 1207 1715 vitam

359 1750 587 1786 literatura?
639 1751 818 1794 Quomodo
846 1752 1080 1796 repudiamus
1102 1763 1206 1784 secu-

359 1822 459 1856 laria
479 1822 616 1862 studia,
641 1822 719 1856 sine
737 1821 866 1866 quibus
887 1821 1011 1854 divina
1036 1832 1107 1853 non
1120 1832 1205 1865 pos-

359 1897 455 1926 sunt.
512 1892 706 1926 Videamus
724 1891 842 1936 igitur
859 1890 1110 1924 necessitatem
1123 1890 1207 1923 lite-

361 1961 509 1996 ratoriae
534 1961 758 2002 eruditionis,
783 1960 1016 2005 respiciamus
1033 1971 1077 1993 ex*
1094 1963 1206 2003 parte

360 2043 441 2068 eam
461 2032 608 2066 admitti
627 2043 697 2065 non
712 2042 839 2075 posse,
875 2042 918 2064 ea·
941 2034 1052 2074 parte
1071 2029 1206 2071 vitari‚·

353 2102 488 2146 fideles
508 2102 630 2147 magis
650 2101 786 2135 discere
809 2111 917 2145 quam
937 2100 1062 2134 docere
1077 2099 1205 2134 literas

360 2172 461 2217 capit
469 2184 484 2214 ‚-
509 2172 653 2215 diversa
678 2175 732 2205 est
752 2171 845 2205 enim
868 2170 963 2204 ratio
985 2170 1147 2204 discendi
1169 2170 1206 2204 et

361 2242 522 2277 docendi.

361 2312 536 2346 idolorum
554 2312 839 2356 praedicatione,
885 2311 962 2345 sine
990 2310 1096 2343 dubio
1124 2310 1208 2343 dum

571 2243 613 2276 Si
625 2242 753 2286 fidelis
776 2241 904 2276 literas
924 2241 1027 2274 docet
1052 2240 1209 2274 insertas

362 2383 478 2423 docet,
500 2382 745 2416 commendat.-
770 2381 854 2415 clum
871 2380 999 2421 tradit,
1015 2381 1207 2423 affirmat.-

360 2452 447 2486 dum
464 2455 724 2492 commemorat,
749 2450 988 2485 testimonium
1007 2451 1096 2484 dicit
1107 2473 1205 2484 .....

524 2521 595 2562 At,
629 2533 736 2566 quum
752 2520 880 2564 fidelis
909 2520 984 2555 haec
1009 2520 1136 2561 discit,
1173 2519 1207 2553 si

353 2592 438 2636 jam
459 2591 556 2635 sapit
581 2590 642 2634 qui
664 2590 732 2632 sit,
765 2601 879 2635 neque
906 2590 1056 2635 recipit,
1089 2601 1204 2634 neque

363 2662 545 2702 admittit,-
578 2661 689 2694 multo
710 2660 855 2705 magis,
888 2661 923 2695 si
941 2661 1075 2694 dudum
1094 2659 1201 2703 sapit.

361 2733 433 2768 Aut
463 2731 525 2766 ubi
558 2731 712 2776 eoeperit
742 2742 900 2775 sapere,
938 2729 1044 2774 prius
1079 2727 1203 2772 sapiat

1353 1334 1515 1373 oportet,
1551 1330 1645 1374 quod
1666 1329 1769 1374 prius
1793 1329 1942 1370 didicit,
1978 1328 2018 1362 id
2042 1332 2119 1369 est,
2153 1327 2198 1362 de

1352 1399 1427 1433 Deo
1458 1403 1494 1433 et
1516 1400 1608 1442 fide.

1352 1469 1511 1513 recipiet.
1562 1470 1612 1503 Et
1642 1469 1711 1503 erit
1737 1473 1814 1503 tam
1842 1473 1964 1510 tutus,
1999 1481 2107 1514 quam
2137 1469 2200 1514 qui

1658 1398 1818 1433 Proinde
1856 1399 1925 1433 illa
1951 1403 2096 1443 respuet
2131 1410 2198 1432 nec

1353 1538 1469 1572 sciens
1500 1551 1673 1573 venenum
1702 1540 1747 1572 ab
1779 1539 1914 1585 ignaro
1944 1539 2098 1583 accipit,
2130 1550 2198 1573 nec

1351 1608 1448 1642 bibit.
1498 1609 1596 1643 Huic
1629 1609 1826 1644 necessitas
1853 1609 1903 1642 ad
1933 1609 2197 1643 excusationem

1351 1678 1563 1722 deputatur,
1585 1681 1670 1724 quia
1693 1680 1802 1714 aliter
1823 1680 1960 1713 discere
1979 1690 2049 1712 non
2063 1682 2195 1723 potest.

1351 1748 1474 1782 Tanto
1509 1753 1630 1783 autem
1658 1749 1815 1792 facilius
1850 1730 1926 1789 est,
1966 1749 2093 1784 literas
2124 1761 2196 1784 non

1349 1818 1498 1858 docere,
1534 1831 1642 1861 quam
1680 1831 1752 1851 non
1787 1819 1946 1858 discere,
1992 1824 2127 1863 quanto
2159 1825 2196 1855 et

1346 1885 1488 1930 reliqua
1527 1887 1733 1920 scholarum
1770 1887 1814 1920 de
1848 1887 2006 1930 publicis
2038 1891 2196 1935 propriis

1348 1956 1632 1990 solemnitatibus
1703 1956 1978 2001 inquinamenta
2038 1961 2196 2003 facilius

1349 2026 1546 2070 discipulus
1555 2027 1682 2071 fidelis
1705 2038 1777 2060 non
1807 2027 1947 2069 adibit,
1982 2041 2089 2073 quam
2114 2042 2194 2066 ma-

1935 2098 1996 2133 Cf.
2025 2099 2194 2137 Neandri

1350 2166 1457 2201 Geist
1497 2168 1561 2201 des
1586 2166 1825 2201 Tertullinus
1853 2179 1890 2212 p.
1915 2167 1972 2202 42.

1281 2233 1317 2263 15
1343 2237 1512 2271 Guerike
1545 2239 1590 2272 de
1616 2237 1754 2272 scholae
1786 2236 2050 2272 Alexandrina>
2081 2238 2193 2274 Cate-

1350 2307 1507 2341 cheticae
1539 2307 1755 2353 Theologia
1791 2307 1821 2341 I.
1843 2307 1899 2341 11.
1940 2307 2054 2343 Halis
2084 2308 2190 2344 1825.

1349 2377 1596 2421 antiquiores,
1620 2377 1741 2422 quide
1754 2377 1827 2411 hac
1839 2376 1971 2412 schola
1992 2377 2189 2423 scripsere,

1346 2096 1465 2141 gister
1503 2109 1574 2131 non
1607 2098 1872 2141 frequentabit.

1348 2452 1392 2481 ut
1416 2451 1618 2482 taceamus,

1275 2517 1310 2546 16
1337 2519 1394 2552 Cf.
1418 2518 1670 2563 Programma
1688 2519 1863 2551 nostrum
1895 2515 1942 2551 «le
1962 2518 2092 2552 schola
2111 2517 2188 2552 An-

1345 2588 1545 2631 tiochena,
1586 2588 1703 2621 Hasn.
1733 2586 1833 2621 1811.
1883 2586 2068 2621 theotisce
2099 2600 2188 2622 ver—-

1344 2670 1428 2693 sum
1451 2659 1486 2692 in
1508 2657 1701 2692 Stiiudlini
1722 2660 1758 2691 et
1779 2655 2023 2690 Tzschirneri
2041 2657 2187 2693 Archiv

1345 2714 1411 2763 fiir
1436 2726 1852 2773 Kirchengeschichte,
1884 2725 1993 2760 Tom.
2014 2726 2044 2761 I.
2071 2739 2106 2772 p.
2125 2727 2160 2762 1.
