2341 3340
1039 121 1107 167 89

122 264 370 317 imperitia,
417 275 538 315 quam
577 261 732 301 Doctor
765 259 1040 311 Hipponensis
1080 259 1209 311 carpit
1225 258 1287 309 1⁶,
1323 260 1514 300 nimirum
1542 261 1727 316 plebejus
1762 267 1882 317 atque
1916 267 2026 306 omni

122 341 321 393 elegantia
358 341 575 381 destitutus
610 340 680 379 ille
719 349 797 387 quo
829 339 996 376 utuntur
1023 349 1170 383 sermo.

297 420 500 467 Attamen,
528 430 651 469 quum
662 414 829 453 Latinus
841 414 1033 455 Afrorum
1058 430 1192 457 sermo
1215 430 1237 456 a
1260 417 1417 468 reliqua
1431 417 1649 458 Latinitate
1678 419 1887 460 dialectice
1915 421 2027 462 haud

120 497 326 547 differret,
356 499 608 536 diversorum
650 495 837 535 codicum
868 496 1065 534 lectiones
1098 496 1203 547 apud
1227 495 1369 534 Patres
1401 498 1630 547 promiscue
1655 501 1877 545 occurrant,
1910 503 2028 549 atque

121 576 226 616 Galli
256 580 297 614 et
320 575 493 614 Romani
524 575 776 614 versionibus
811 574 1013 612 Africanis
1042 586 1157 625 aeque
1187 587 1232 612 ac
1257 573 1349 613 Afri
1380 575 1441 613 uti
1466 576 1692 626 potuerint3
1731 576 1797 614 11ae
1823 575 2031 615 versiones

119 666 169 694 ne
199 652 330 705 quoad
358 653 534 706 singulas
563 653 727 704 quidem
757 657 890 705 partes
920 652 1081 691 restitui
1110 665 1286 703 unquam
1314 656 1518 704 poterunt.

296 731 456 770 Eodem
477 731 613 780 modo,
638 745 716 783 quo
735 731 1008 770 Tertullianus
1032 730 1212 769 diversos
1230 730 1392 769 codices
1419 731 1547 770 varias
1572 731 1771 770 lectiones
1792 732 2032 772 exhibentes

118 821 238 852 manu
266 811 467 858 versavit,
506 809 729 861 Cyprianus
760 821 922 861 quoque
950 811 1244 860 manuscriptos
1277 808 1420 847 habuit
1445 809 1570 848 libros
1596 813 1638 848 et
1661 810 1771 848 inter
1792 821 1836 848 se
1870 813 1912 848 et
1940 822 2032 848 cum

120 886 329 928 codicibus
353 887 640 927 Tertullianeis
664 887 872 928 discordes
882 886 930 928 1⁷.
996 887 1164 927 Nullum
1183 887 1308 939 igitur
1331 887 1515 926 ecclesiae
1542 888 1779 926 auctoritate
1811 893 2032 942 receptum

119 967 162 1005 in
185 965 326 1006 Africa
350 968 495 1018 fuisse
531 973 696 1007 textum
729 967 983 1018 colligimus,
1025 978 1158 1017 neque
1189 965 1423 1017 hujusmodi
1447 966 1627 1005 extitisse
1655 964 1873 1017 Augustini
1903 969 2035 1014 aetate,

119 1044 188 1095 qui
217 1044 364 1096 saepius
393 1045 446 1084 de
474 1046 668 1085 varietate
699 1045 886 1085 lectionis
910 1045 952 1084 in
981 1045 1190 1084 codicibus
1222 1045 1303 1083 suis
1333 1045 1529 1095 queritur.

294 1122 336 1165 4.
394 1123 485 1163 Duo
524 1127 659 1163 autem
694 1127 788 1162 sunt
826 1123 1032 1175 inprimis,
1080 1136 1170 1174 quae
1210 1135 1260 1162 ex
1294 1123 1373 1162 hac
1403 1123 1635 1162 versionum
1666 1126 1786 1174 atque
1814 1123 2034 1163 lectionum

117 1201 312 1242 varietate
355 1202 407 1242 de
444 1203 577 1255 prisco
613 1202 812 1242 Ecclesiae
847 1201 1053 1242 Africanae
1085 1204 1215 1248 statu,
1255 1201 1290 1238 si
1320 1200 1417 1250 quid
1448 1203 1561 1238 recte
1594 1199 1733 1247 video,
1778 1201 2032 1252 colligentur.

297 1279 345 1333 1)
375 1281 543 1321 Primo:
587 1281 846 1333 Religionem
879 1279 1150 1318 Christianam
1179 1281 1335 1317 mature
1358 1277 1443 1330 jam
1480 1289 1562 1316 non
1593 1276 1837 1328 Carthagine
1865 1280 2035 1326 tantum,

117 1358 191 1398 sed
219 1358 262 1399 in
297 1360 385 1399 aliis
417 1371 576 1411 quoque
608 1360 798 1407 urbibus,
839 1358 1023 1410 inprimis
1063 1357 1301 1405 maritimis,
1342 1359 1389 1394 ut
1415 1355 1561 1407 Lepti,
1603 1355 1736 1393 Uticae
1774 1359 1816 1393 et
1845 1355 2036 1408 Hippone

116 1435 269 1489 Regio,
301 1438 352 1477 ad
382 1451 478 1489 quas
502 1438 613 1478 facili
637 1439 804 1491 negotio
833 1437 1018 1489 hospites
1047 1434 1319 1487 adpellerent,
1350 1437 1510 1473 nactam
1532 1433 1660 1472 fuisse
1689 1434 1836 1473 multos
1861 1435 2034 1477 asseclas

118 1514 261 1555 Latine
290 1517 534 1568 loquentes,
572 1517 716 1569 quibus
763 1528 864 1569 opus
900 1515 1027 1555 fuerit
1064 1513 1106 1555 S.
1133 1512 1175 1554 S.
1208 1516 1252 1554 et
1285 1526 1308 1554 a
1346 1512 1490 1565 quibus
1538 1512 1603 1552 vel
1634 1523 1805 1563 quorum
1839 1513 1883 1555 in
1916 1525 2034 1554 usum

118 1595 361 1648 exemplaria
393 1596 536 1636 Latina
563 1597 791 1649 conscripta
817 1596 984 1636 fuerint.

296 1670 346 1725 2)
386 1673 469 1712 Sed
500 1675 655 1725 priscos
688 1675 781 1713 illos
816 1678 957 1713 coetus
988 1685 1064 1725 per
1093 1684 1256 1725 magnas
1285 1671 1511 1724 provincias
1546 1683 1706 1724 sparsos
1742 1673 1859 1712 initio
1891 1684 2032 1724 parum

119 1750 350 1798 cohaesisse,
376 1752 468 1802 quia
488 1752 584 1791 alias
605 1764 707 1791 unus
729 1764 822 1791 cum
845 1752 972 1791 altero
1001 1763 1072 1790 sua
1098 1750 1343 1801 exemplaria
1376 1753 1488 1788 certo
1508 1750 1658 1789 certius
1683 1751 2031 1790 communicasset.

117 1828 318 1880 majorem
353 1831 488 1867 autem
525 1841 674 1867 nexum
708 1828 888 1879 indeque
923 1830 1083 1867 enatam
1115 1826 1375 1865 concordiam
1405 1839 1475 1865 eos
1513 1828 1580 1866 vix
1609 1827 1749 1866 iniisse
1777 1829 1906 1867 multo
1938 1831 2032 1867 ante

118 1906 385 1959 Agrippinum
412 1910 610 1959 tempore,
641 1907 692 1947 ad
725 1908 878 1947 exitum
908 1908 1103 1958 vergente
1134 1916 1216 1943 sec.
1244 1903 1308 1953 IL,
1326 1918 1460 1956 ,quum
1491 1917 1579 1943 mos
1611 1905 1857 1956 synodorum
1878 1906 2031 1946 haben-

118 1985 270 2033 aarum,
304 1985 345 2024 in
374 1985 470 2025 Asia
498 1986 647 2025 minori
676 1989 800 2036 ortus,
833 1999 857 2027 a
875 1984 1047 2026 Graeciis
1076 1983 1119 2024 in
1134 1982 1315 2023 Africam
1347 1983 1503 2024 delatus
1536 1986 1657 2033 esset,
1686 1984 1737 2023 de
1758 1984 1903 2035 quibus
1933 1997 2031 2026 vero

118 2063 290 2115 Synodis
318 2063 492 2105 inferius
525 2068 680 2117 agetur.

293 2143 355 2183 De
392 2155 469 2182 usu
506 2143 684 2194 denique
716 2141 759 2183 S.
788 2140 830 2183 S.
866 2141 973 2196 apud
1004 2141 1128 2183 Afros
1165 2141 1459 2182 observandum
1491 2144 1579 2190 est,
1631 2142 1874 2194 exemplaria
1904 2142 2029 2182 totius

119 2211 271 2261 codicis
293 2225 367 2262 aut
394 2222 643 2274 singulorum
671 2222 869 2272 librorum
897 2234 979 2261 non
1010 2224 1167 2261 tantum
1200 2221 1306 2273 apud
1331 2221 1555 2272 Episcopos
1584 2220 1648 2259 vel
1668 2219 1862 2259 Lectores
1895 2220 2029 2259 eccle-

142 2358 175 2386 16
210 2357 328 2403 Epist.
360 2359 408 2392 ad
443 2359 736 2405 Hieronymum.
792 2360 852 2395 Cf.
880 2359 1045 2394 Leandri
1187 2359 1228 2394 in
1249 2358 1454 2403 specimine
1473 2358 1692 2403 inaugurali
1714 2359 1759 2392 de
1779 2356 2024 2402 pretioInsti-

211 2438 246 2461 v.
275 2426 344 2461 Ess
368 2427 596 2463 Geschichtc
627 2429 695 2464 der
726 2428 893 2475 Vulgata
931 2441 966 2474 p.
986 2429 1042 2464 11.
1184 2427 1396 2463 tutionibus
1427 2427 1565 2461 divinis
1591 2427 1781 2461 Lactantii
1814 2426 2021 2462 statuendo.

1186 2497 1329 2543 (Lugd.
1350 2498 1434 2532 Bat.
1453 2496 1578 2541 1820.)
1598 2508 1632 2540 p.
1651 2496 1707 2531 30.
1740 2497 1848 2530 Idem
1865 2497 1938 2531 hoc
1955 2495 2022 2529 ob-

142 2565 177 2595 17
209 2566 240 2601 Ε
271 2565 451 2602 Patribus
480 2565 632 2601 serioris
661 2568 778 2604 oetatis
801 2568 1044 2605 Lactantium
1190 2567 1342 2601 servavi
1366 2567 1411 2601 de
1434 2567 1511 2601 Jul.
1532 2566 1699 2600 Firmico
1727 2566 1921 2607 Materno,
1957 2564 2022 2608 qui

214 2636 253 2671 in
279 2636 484 2671 excitandis
507 2635 599 2671 locis
631 2635 667 2671 S.
690 2637 837 2673 Codicis
858 2638 1047 2684 Cypriane
1189 2637 1290 2671 libro
1314 2636 1360 2670 de
1382 2636 1574 2670 erroribus
1593 2636 1838 2680 profanarum
1863 2632 2020 2678 religio-

214 2705 388 2750 inprimis
404 2705 624 2748 consentire,
655 2706 781 2742 docuit
791 2708 842 2742 H.
850 2708 887 2742 J.
899 2707 1049 2753 Spyker
1189 2717 1283 2742 num
1296 2717 1317 2742 a
1329 2716 1390 2741 me
1401 2705 1619 2750 nuperrime
1643 2704 1744 2752 edito
1761 2703 1921 2737 eundem
1937 2702 2020 2737 fere

280 2775 444 2811 Manteri
467 2776 670 2811 Primordia
694 2776 862 2812 Ecclesiae
890 2777 1084 2821 Africanae.
1709 2773 1757 2809 12
