2341 3340
1074 140 1173 194 195

169 300 415 353 majestatis
451 300 522 341 rei
553 298 653 353 pati
688 292 866 337 solent?
923 288 988 330 Ad
1021 285 1173 328 bestias
1209 286 1332 326 etiam
1376 284 1684 333 damnabantur,
1721 287 1768 324 ut
1800 281 2074 323 Tertullianus

171 377 316 417 eodem
339 379 431 417 loco
456 377 507 416 de
525 374 787 416 Adrumetico
805 370 953 412 Mavila
980 367 1123 414 refert,
1157 377 1278 416 quem
1302 363 1473 415 Scapula
1499 365 1578 404 hoc
1595 364 1792 415 supplicio
1811 357 2074 401 adseceratw.

347 456 386 495 2.
443 454 586 494 Mirari
613 453 737 504 igitur
766 449 877 488 nullo
905 447 1027 486 modo
1056 444 1220 492 subibit,
1249 442 1498 482 Christianos
1520 443 1690 482 salutem
1715 440 1811 492 fuga
1828 440 2075 491 quaesivisse,

169 533 214 573 id
255 533 363 585 quod
409 532 682 572 Tertullianus
724 528 828 567 libro
873 525 926 564 de
962 525 1060 577 fuga
1097 525 1139 563 in
1184 521 1470 575 persecutione
1510 521 1649 570 (quam
1692 532 1789 559 vero
1835 519 1986 570 pariter
2028 530 2075 557 ac

169 611 465 651 redemtionem
513 607 785 660 inquisitionis
806 604 840 633 ¹¹
883 598 1107 656 improbat)
1154 614 1189 640 c.
1217 600 1258 640 5.
1287 599 1422 642 tradit.
1491 596 1637 636 Narrat
1672 598 1779 636 enim
1820 596 1873 635 de
1905 596 2076 643 Rutilio,

171 702 292 741 quem
320 689 448 728 nihilo
476 692 612 727 tamen
643 686 776 726 secius
804 684 1122 724 sanctissimum
1151 681 1397 733 Martyrem
1425 678 1556 723 vocat,
1600 689 1695 715 eum
1722 677 1881 714 totiens
1899 676 2077 726 fugisse

170 767 330 808 deloco
358 769 404 807 in
429 769 580 815 locum,
609 768 741 807 etiam
771 763 1025 818 periculum,
1055 764 1107 798 ut
1128 758 1333 812 putabat,
1366 757 1506 796 mamis
1536 753 1781 802 redemisse,
1805 757 1909 813 *post
1939 758 2076 791 totam

170 847 479 894 securitatem,
517 859 640 898 quam
679 844 761 883 sibi
791 843 1111 896 prospexerat,
1153 849 1207 875 ex
1247 836 1475 889 inopinato
1514 832 1784 886 apprehenso
1821 834 1864 869 et
1892 828 2081 870 Proesz'di

173 924 339 971 oblato,
382 925 611 964 tormentis
646 922 885 974 dissipato,
928 917 1082 956 dehinc
1118 914 1291 967 ignibus
1326 914 1443 953 dato.
1511 911 1643 961 Quem
1683 907 1846 959 quidem
1878 906 2077 945 Rutilium

170 1013 335 1054 prorsus
362 1002 608 1053 ignoramus.
665 998 937 1049 Conspicuum
969 998 1104 1034 tamen
1133 993 1261 1031 fuisse
1289 992 1420 1030 virum
1445 991 1628 1042 oportet,
1665 1000 1787 1039 quum
1814 986 1863 1025 ab
1894 985 2080 1024 hostibus

170 1079 227 1118 ita
254 1091 415 1132 pressus
445 1079 583 1128 fuerit,
614 1081 660 1116 ut
686 1089 768 1116 non
796 1075 927 1115 solum
954 1074 1047 1112 vitoe
1076 1072 1303 1125 periculum
1333 1069 1569 1116 redimeret,
1609 1066 1683 1106 sed
1712 1065 1765 1104 de
1793 1066 1885 1104 loco
1916 1075 2080 1115 quoque

169 1156 214 1196 in
236 1157 371 1197 locum
396 1158 573 1210 fugeret.
627 1155 786 1195 Nomen
807 1154 954 1207 passim
980 1151 1143 1190 obvium
1167 1152 1242 1197 est,
1269 1160 1400 1199 neque
1424 1150 1512 1186 tuto
1543 1146 1670 1196 quaeri
1700 1148 1836 1196 potest
1863 1145 1906 1184 in
1928 1142 2080 1183 familia

170 1232 325 1275 Rutilia
353 1236 583 1289 plebeiam,
616 1248 739 1287 quum
767 1233 907 1273 Severi
937 1234 1057 1271 aetate
1088 1227 1341 1280 paucissimae
1372 1227 1632 1276 superessent
1659 1223 1825 1262 familiae
1855 1222 2081 1274 Republica

173 1316 304 1353 stante
333 1314 536 1354 florentes.
600 1313 663 1353 Ne
694 1313 921 1351 Romanum
955 1307 1119 1359 quidem
1149 1306 1278 1344 civem
1315 1303 1444 1342 fuisse
1479 1302 1602 1342 credo
1636 1301 1688 1340 ob
1725 1300 1912 1353 supplicii
1941 1310 2081 1353 genus.

175 1391 597 1436 Commemoraturin
626 1389 924 1442 Martyrologio
957 1387 1143 1426 Romano
1170 1384 1222 1424 ad
1255 1382 1364 1423 diem
1393 1381 1420 1420 4
1447 1381 1552 1421 Non.
1581 1380 1755 1432 August-i
1766 1378 1815 1417 ¹3.

352 1470 399 1510 In
435 1471 513 1510 hac
548 1469 834 1522 persecutione
882 1466 1064 1519 episcopi
1107 1474 1297 1516 quoque,
1349 1461 1580 1513 presbyteri
1622 1463 1744 1510 atque
1786 1458 1947 1497 diaconi
1990 1469 2083 1498 sese

173 1549 271 1601 fuga
301 1549 587 1588 subtraxerunt
619 1546 692 1602 (ad
721 1546 932 1597 Scapulam
961 1557 997 1583 c.
1021 1539 1123 1595 11.).
1180 1542 1297 1581 Hanc
1327 1539 1492 1592 quidem
1523 1538 1823 1585 Tertullianus,
1867 1540 2083 1588 autequam

174 1626 424 1667 Montanista
459 1626 591 1665 factus
628 1628 756 1673 esset,
792 1623 900 1663 haud
934 1624 1053 1675 plane
1079 1619 1292 1661 damnavit.
1355 1617 1466 1657 Dicit
1494 1619 1602 1657 enim
1637 1617 1688 1655 de
1718 1616 1912 1668 patientia
1940 1628 1975 1654 e.
2005 1614 2083 1654 13:

175 1696 351 1759 sz‘fuga
380 1710 554 1757 urgeat,
596 1705 803 1744 adversus
832 1700 1100 1743 incommoda
1118 1702 1251 1753 fugae
1276 1710 1377 1737 caro
1410 1697 1572 1737 militat
1583 1710 1600 1744 ;
1640 1707 1732 1747 quae
1767 1693 1931 1746 quidem
1961 1693 2084 1734 verba

198 1860 236 1888 1⁰
261 1860 320 1896 Ad
361 1859 468 1905 Scap,
506 1871 537 1894 c.
565 1858 599 1894 3.
642 1869 738 1894 anno
771 1856 852 1892 206.
899 1856 1104 1891 Morcellus
1177 1854 1214 1882 13
1235 1853 1304 1889 An.
1326 1852 1406 1888 206.
1430 1857 1581 1888 vetusta
1598 1852 1878 1898 Martyrologia
1899 1851 1979 1895 ejus
2002 1862 2083 1886 me-

270 1941 307 1975 11-
329 1926 387 1964 69.
1247 1923 1401 1958 minisse
1453 1922 1633 1957 videntur
1677 1922 1763 1955 XII.
1804 1921 1889 1955 Kal.
1930 1919 2082 1961 Martii,

200 2011 235 2041 11
260 2012 400 2047 Neand·
425 2024 461 2058 P·
482 2011 563 2047 133.
1246 2003 1460 2037 quanquam
1487 1992 1676 2026 Rutulum
1716 1990 1842 2035 potius
1880 1989 2082 2034 appellant.

1247 2062 1376 2097 Socios
1402 2063 1438 2096 ei
1457 2063 1600 2096 addunt
1624 2061 1834 2101 Silvanum,
1863 2058 2083 2099 Classicum,

202 2104 239 2133 12
261 2105 408 2139 Eckhel
420 2105 546 2139 Doctr.
560 2103 715 2138 Numor.
724 2104 905 2138 Veterum
913 2103 956 2137 V.
976 2115 1012 2147 p.
1024 2102 1105 2137 298.

216 2195 219 2198 -
273 2174 445 2208 Rutilius
474 2173 538 2206 hic
565 2173 668 2206 haud
701 2178 934 2207 memoratur
952 2174 1107 2206 Werns-

1247 2132 1503 2165 Secundinum
1527 2156 1537 2172 ,
1595 2130 1816 2164 Fluctulum
1867 2129 2084 2164 Damasum.

274 2243 394 2276 dorfio
423 2242 462 2276 in
483 2242 685 2275 Prooemio
717 2242 763 2275 «le
795 2242 944 2276 Rutilio
965 2241 1108 2274 Numa-

274 2311 377 2345 tiano
418 2310 573 2354 ejusque
614 2311 828 2345 Itinerario.
902 2310 1108 2344 Poetarum

275 2378 444 2414 Latinor.
479 2379 669 2414 minorum
690 2380 812 2414 Tomo
833 2382 876 2415 V.
921 2380 1034 2413 Parte
1058 2379 1109 2413 II.

276 2462 312 2494 p.
344 2449 402 2484 28.
437 2448 505 2482 ubi
541 2450 586 2482 de
623 2449 737 2484 claris
768 2448 927 2483 Rutiliis
968 2447 1108 2493 agitur.

277 2518 472 2552 Rutilium
507 2521 688 2562 praeterea
731 2519 881 2552 Rufum
922 2518 1109 2551 habemus

280 2588 589 2621 interlocutorem
629 2586 669 2620 in
697 2573 887 2621 Ciceronis
917 2586 1028 2620 libris
1065 2587 1110 2619 de

277 2657 324 2691 R.
343 2657 385 2690 P.
422 2657 478 2689 Dc
508 2669 551 2693 eo
580 2656 667 2691 vide
690 2657 732 2692 A.
750 2656 897 2701 Majum
925 2668 959 2700 p.
979 2655 1110 2691 LXVI.

279 2726 336 2760 ed.
357 2726 508 2761 Moseri.

1250 2201 1376 2234 Codex
1398 2199 1557 2245 Reginae
1581 2198 1782 2232 Christinae
1814 2201 1929 2242 auget
1953 2207 2085 2230 nume-

1247 2282 1362 2304 rum:
1429 2270 1471 2303 In
1518 2269 1648 2311 Africa
1693 2268 1854 2301 natalz‘s‘
1879 2270 2085 2300 sanctorum

1248 2339 1402 2379 Rutuli,
1446 2338 1588 2372 Silvani
1625 2343 1660 2372 et
1700 2338 1851 2371 aliorum
1889 2335 2083 2370 duodecim.

1248 2408 1459 2442 Morcellus
1495 2420 1531 2452 p.
1558 2407 1615 2441 71.
1671 2407 1807 2452 Ignota
1846 2406 1956 2451 plane
1998 2408 2086 2439 sunt

1250 2478 1415 2519 nomina,
1450 2488 1491 2510 ac
1527 2476 1670 2510 incerta
1701 2475 1838 2509 omnia.
1893 2474 1967 2509 Sed
1997 2485 2084 2518 pro-

1251 2547 1380 2580 babile
1417 2550 1472 2581 est
1501 2545 1693 2580 Rutilium
1722 2556 1795 2580 non
1825 2544 1948 2580 solum
1974 2554 2084 2579 occu-

1250 2615 1389 2650 baisse.
