2341 3340
1041 81 1141 128 167

139 226 355 266 inimicum
389 240 479 266 esse
509 225 703 279 (Apolog.
738 238 771 264 c.
794 224 864 275 2.).
922 223 1022 263 Inde
1049 236 1170 275 porro
1199 223 1384 275 ludibria,
1417 240 1587 279 quorum
1615 244 1739 273 unum
1766 232 2040 277 Tertullianus

880 303 972 343 Sed
1011 315 1125 342 nova
1164 303 1262 355 jam
1309 306 1397 344 Dei
1445 311 1587 349 nostri
1633 312 1679 350 in
1731 314 1809 353 illa
1859 316 2038 356 civitate

139 379 428 434 (Carthagine)
455 384 654 436 proxime
683 381 806 432 <anno
837 381 1001 420 circiter
1032 381 1114 419 199
1142 392 1222 431 quo
1255 381 1545 435 Apologeticus
1577 389 1749 440 scriptus
1785 389 1867 443 est)
1908 394 2039 434 edicio

138 303 310 356 Apolog.
346 317 381 343 c.
412 305 477 342 16.
510 307 809 342 commemorat.

136 460 361 513 publicata
398 466 488 507 est,
528 473 582 498 ex
625 472 702 511 quo
747 460 912 512 quidem
960 462 1006 500 iu
1037 460 1321 512 frustrandis
1361 461 1508 502 bestiis
1548 471 1844 510 mercenarius
1885 475 2041 514 noxius

139 538 339 589 (intelligo
369 550 460 575 cnm
482 537 759 587 Havercampo
788 537 995 576 hominem
1019 537 1271 578 Christianos
1299 550 1480 587 exosum,
1513 544 1555 579 et
1586 545 1749 592 quidem
1767 546 1967 598 Judaeum,
1997 555 2042 590 ut

139 626 188 653 ex
217 615 305 653 loco
334 615 524 666 parallelo
555 615 606 654 ad
629 615 823 654 Nationes
851 615 881 654 Ι.
915 629 949 654 c.
978 616 1043 654 14.
1071 619 1195 668 patet,
1235 617 1303 668 qui
1332 630 1424 656 cum
1447 619 1598 658 nullam
1627 620 1834 664 habuisset
1866 630 2042 671 necessi-

136 695 260 731 tatem
296 693 502 744 pugnandi
546 707 638 732 cum
671 694 835 742 bestiis,
881 694 989 733 inter
1030 695 1173 733 noxios
1218 695 1298 734 illis
1340 708 1422 734 non
1460 696 1678 747 addictus,
1732 704 1867 742 tamen
1903 706 2042 747 lucelli

136 771 356 823 cupiditate
402 771 592 810 mercede
620 775 736 823 pacta
764 774 852 824 ipse
882 784 927 811 se
956 773 1113 811 lanistae
1142 772 1403 823 tradiderat),
1443 777 1662 828 picturum
1691 784 1918 834 proposuit
1947 799 2042 827 cum

137 850 353 903 ejusmodi
383 852 693 903 inscriptione.-
746 863 850 889 nevs
886 862 1243 890 cnms'rlANonm
1274 854 1600 893 0NocH01TE812.
1664 857 1709 896 Is
1742 865 1840 899 erat
1869 865 2044 905 auribus

138 930 343 975 asininis,
393 930 533 968 altero
568 929 679 981 pede
714 931 979 982 ungulatus,
1031 929 1187 969 librum
1214 935 1393 982 gestans
1430 935 1474 971 et
1513 937 1704 985 togatas.
1763 936 1886 978 Hunc
1915 941 2044 984 Deum

140 1004 412 1044 Onochoitem
445 1005 659 1045 Cornelius
695 1007 862 1046 Tacitus
899 1007 982 1059 jam
1016 1007 1139 1045 habet
1154 1005 1214 1055 13,
1262 1007 1416 1047 JudaeiS
1461 1011 1719 1061 attributums
1761 1015 1903 1059 Celsus
1935 1034 2045 1073 vero,

137 1082 459 1122 Christianorum
494 1085 714 1124 acerrimus
740 1086 888 1134 hostis,
933 1086 984 1124 iis
1015 1085 1202 1137 impingit
1217 1083 1263 1124 ¹4.
1321 1086 1381 1125 De
1416 1087 1496 1126 hoc
1527 1088 1735 1132 Minucius
1771 1094 1888 1136 Felix
1923 1102 2044 1142 etiam

135 1161 382 1212 loquitur15.
441 1162 547 1202 Hinc
588 1164 675 1202 sine
720 1164 842 1203 dubio
891 1163 1112 1203 Christiani
1148 1165 1454 1205 Asinariorum
1503 1169 1666 1207 nomine
1711 1185 1785 1222 per
1824 1176 2044 1220 ludibrium

136 1241 264 1279 notati
277 1239 323 1279 16,
383 1241 591 1281 Gemmam
629 1245 810 1281 veterem
840 1242 1076 1294 hujusmodi
1108 1241 1279 1292 figuram
1317 1243 1419 1281 asini
1450 1245 1629 1294 palliati,
1656 1235 1740 1299 'qui
1778 1255 1916 1293 nescio
1946 1259 2045 1307 quid

137 1319 388 1360 auditoribus
429 1321 512 1359 suis
547 1311 640 1359 'uno
685 1319 790 1371 pede
827 1323 1017 1371 porrecto
1062 1318 1226 1357 edicere
1270 1320 1458 1370 videtur,
1503 1324 1556 1362 ad
1596 1324 1726 1365 Deum
1773 1328 2045 1377 Onochoitem

137 1397 271 1449 potius
318 1409 437 1447 quam
482 1398 532 1437 ad
580 1399 736 1437 asinum
783 1398 946 1450 Apuleji
1012 1402 1290 1450 spectantem,
1353 1400 1484 1440 edidit
1530 1401 1865 1458 Stephanonius,
1924 1426 2045 1464 quam

139 1475 362 1515 lectoribus
392 1477 434 1515 in
465 1477 547 1515 fine
575 1477 695 1529 hujus
723 1477 819 1516 libri
849 1477 1107 1517 exhibeb017.
1164 1478 1230 1517 Ad
1259 1480 1438 1529 nomina,
1476 1481 1620 1531 quibus
1651 1483 1870 1527 Christiani
1900 1491 2046 1534 irride-

140 1577 2050 1602 Ἥ--ῄ--Ἃ

161 1620 197 1650 12
221 1622 279 1656 Ab
321 1624 476 1657 homine
515 1627 552 1658 et
595 1625 698 1659 asino
738 1628 940 1671 generatus
976 1624 1069 1667 (ὄνος
1209 1637 1300 1660 vero
1342 1631 1554 1664 monstrum
1597 1643 1684 1666 cum
1732 1634 1942 1686 Onochoite
1989 1642 2043 1678 nil

1211 1706 1411 1730 commune
1438 1697 1587 1733 habuit.

1140 1762 1174 1791 15
1199 1764 1241 1798 In
1279 1765 1438 1800 Octavio
1468 1779 1497 1802 c.
1516 1768 1550 1803 9.
1580 1782 1614 1814 p.
1636 1770 1693 1807 55.
1726 1774 1783 1808 ed.
1812 1776 1974 1822 Dades,
2008 1784 2046 1816 et

1211 1834 1360 1868 erudita
1392 1836 1548 1871 editoris
1579 1843 1677 1874 nota.

231 1695 267 1725 ct
286 1694 408 1738 κοίτη).
451 1694 561 1726 Hanc
580 1694 794 1736 lectionem,
816 1705 904 1728 nam
922 1694 1068 1728 codices

232 1762 383 1796 variant
428 1762 465 1795 in
502 1762 653 1796 nomine
675 1788 685 1805 ‚
732 1765 888 1807 praefert
919 1765 1068 1798 Haver-

231 1842 383 1874 campus
406 1831 444 1864 in
470 1830 633 1864 editione
657 1831 905 1878 Apologetici.

163 1898 198 1927 13
225 1899 504 1935 vHistoriarum.
544 1900 586 1934 V.
627 1912 657 1934 c.
686 1903 719 1934 4.
759 1906 797 1936 et
826 1905 900 1936 not.
933 1901 1065 1946 Lipsii.
1139 1902 1174 1931 16
1201 1904 1259 1938 Cf.
1279 1904 1524 1940 Kortholtum
1548 1907 1594 1941 de
1619 1910 1818 1946 calumniis
1840 1913 1879 1948 in
1898 1919 2044 1952 veteres

232 1969 376 2003 Locum
410 1968 537 2003 Taciti
574 1969 833 2005 Tertullianus
864 1972 910 2005 de
942 1971 1066 2015 capite

232 2037 377 2072 asinino
409 2038 597 2074 intellexit
624 2040 782 2086 Apolog.
813 2053 842 2075 c.
865 2041 920 2076 16.
970 2042 1065 2076 Vide

235 2118 382 2151 quoquc
427 2107 580 2142 Diodor.
627 2109 742 2144 Sicul.
784 2121 842 2154 ap.
881 2110 1065 2146 Photium

210 2203 214 2207 ,
235 2176 336 2210 Bibl.
359 2176 439 2210 cod.
460 2176 539 2210 244.
563 2181 600 2211 et
626 2177 810 2222 Apionem
834 2190 891 2224 ap.
912 2180 1068 2225 Joseph.

235 2244 387 2289 Antiqu.
405 2245 455 2279 II.
486 2257 517 2280 c.
536 2246 570 2281 7.

168 2313 201 2341 14
225 2314 334 2358 Apud
362 2313 567 2359 origenem
589 2318 672 2351 adv.
701 2318 863 2353 Celsum.
898 2318 980 2353 Lib.
1005 2320 1066 2353 VI.

238 2396 268 2418 c.
291 2383 347 2416 31.
391 2383 499 2417 Ruaei
521 2384 672 2421 Tom.I.
697 2399 729 2431 p.
748 2386 829 2422 656.
866 2389 922 2422 Ex
946 2388 1068 2433 ophi-

236 2456 365 2486 tarum
385 2453 581 2502 mysteriis
595 2455 729 2490 hausta
750 2457 830 2491 haec
844 2469 923 2492 esse
945 2462 1071 2493 censet

238 2521 431 2566 Origenes.
447 2521 504 2556 Cf.
516 2534 661 2567 quoque
673 2526 850 2563 Creuzeri
862 2528 1071 2563 Comment.

238 2591 476 2625 Herodoteas
511 2591 540 2625 I.
568 2604 601 2636 p.
631 2593 710 2627 272.
762 2596 818 2630 De
853 2598 1071 2632 Graecorum

241 2657 414 2695 ὄέοσκελίδι
458 2660 546 2694 vide
593 2662 753 2697 easdem.
791 2677 827 2709 p.
855 2665 935 2702 269.
971 2668 1072 2712 quod

1211 1973 1446 2008 Christianos
1468 1977 1617 2019 sparsis.
1669 1980 1707 2014 C.
1720 1981 1750 2015 1.
1775 1981 1976 2019 Ouzelium
1999 1989 2045 2021 ἢεί

1208 2043 1421 2077 Minucium
1453 2045 1632 2082 Felicem.
1669 2061 1704 2093 p.
1726 2050 1782 2084 84.
1821 2055 1858 2085 et
1895 2054 2045 2089 Ernesti

1207 2111 1304 2157 Aug.
1328 2098 1498 2147 S'chulzii
1521 2115 1724 2152 Exercitat.
1744 2119 1794 2153 ΙΙ.
1822 2121 1868 2153 de
1893 2121 2045 2168 Onony-

1211 2181 1321 2215 choto
1343 2182 1420 2215 Deo
1442 2183 1667 2219 Christianis
1691 2189 1878 2231 qnondam
1903 2192 2044 2235 afficto.

1208 2250 1246 2284 in
1274 2251 1478 2286 Exercitat.
1498 2253 1769 2301 Philologicar.
1798 2258 1993 2295 Fasciculo
2016 2263 2044 2296 I.

1161 2356 1166 2362 s
1209 2319 1401 2362 (Berolini
1422 2322 1532 2368 1755)
1555 2335 1600 2358 ex
1628 2325 1728 2360 idolo
1753 2327 1939 2371 Thartak‚
1979 2331 2045 2366 Sa-

1211 2390 1408 2424 maritanis
1431 2402 1452 2424 a
1474 2393 1617 2428 Judaeis
1640 2396 1781 2437 affiew,
1810 2397 1925 2432 hocce
1940 2412 2045 2434 mon-

1212 2464 1335 2493 strum
1359 2465 1491 2495 natum
1514 2474 1592 2497 esse
1622 2465 1828 2501 docentem.

1141 2527 1177 2556 1⁷
1206 2530 1374 2563 Gemmae
1425 2531 1632 2576 antiquitus
1674 2536 1824 2580 scalpta}
1869 2548 1892 2572 a
1931 2538 2044 2573 Petro

1213 2599 1470 2643 Stephanonio
1492 2602 1686 2638 Vicentino
1718 2605 1881 2641 collectae
1912 2610 1949 2641 et
1982 2608 2046 2642 de-

1214 2669 1486 2704 clarationibus
1525 2671 1733 2708 illustratae.
1785 2675 1914 2710 venet.
1943 2675 2045 2713 1646.
