2341 3340
1151 123 1251 169 106

237 267 360 307 verba
396 265 641 306 Tertulliani
683 265 736 305 de
789 268 888 306 orat.
931 278 968 306 c.
1009 265 1076 306 14.
1152 266 1344 320 Accepto
1389 279 1572 320 corpore
1610 265 1793 305 Domini
1825 270 1871 306 et
1913 270 2161 314 reservato,

238 354 465 400 utramque
501 348 670 386 salvam
694 328 801 393 ¹est,
848 351 891 385 et
918 347 1206 399 participatio
1243 346 1448 398 sacrificii
1479 352 1522 385 et
1552 346 1762 385 executio.
1836 343 2031 383 Ceterum
2082 356 2165 385 non

238 425 281 464 in
318 424 475 464 aedibus
506 428 663 464 tantum
700 424 825 463 sacris
861 423 936 462 sed
969 424 1013 463 in
1055 424 1286 463 carceribus
1324 435 1486 474 quoque
1522 424 1767 479 celebratam
1801 422 1930 462 fuisse
1963 423 2161 464 Euchari-

238 504 384 552 stiam,
419 504 545 542 fidem
583 503 684 542 facit
719 502 945 554 Cyprianus
991 515 1054 553 ep.
1080 502 1118 541 5.
1151 502 1202 541 ad
1234 502 1400 541 Clerum
1433 515 1472 553 p.
1500 502 1566 541 11.
1595 503 1694 552 ubi,
1739 503 1816 557 qai
1844 504 1957 551 illic,
2011 502 2165 554 inquit„

239 583 362 637 apud
386 583 667 635 Corffessores
697 582 890 637 offerant
920 579 998 635 (sc.
1024 577 1284 635 Presbyteri)
1306 582 1476 635 singuli
1507 595 1600 623 cam
1628 583 1815 636 singulis
1842 582 2053 623 Diaconis
2079 595 2166 639 per

239 662 353 702 vices
390 663 629 702 alternent.

446 742 487 781 ’7.
587 741 924 783 Benedictiones
995 744 1374 784 matrimoniorum
1443 744 1739 785 sacerdotales
1803 742 2078 794 respiciuntur
2134 750 2168 780 a

237 818 523 868 Tertulliano,
567 821 637 870 qui
682 833 763 860 non
815 820 977 860 civilem
1020 826 1176 861 tantum
1213 834 1356 861 verum
1401 823 1523 862 etiam
1564 822 1797 874 religiosam
1840 821 2080 859 societatem
2122 818 2168 859 in

235 899 493 939 matrimonio
522 898 761 950 agnoscitw.
820 897 924 937 Sunt
952 900 1143 937 nimirum
1176 901 1267 939 haec
1299 902 1388 953 ejus
1416 902 1552 950 verba,
1592 901 1642 940 ad
1667 912 1836 939 uxorem
1863 899 1955 938 Lib.
1983 898 2035 937 Π.
2062 910 2099 938 c.
2119 897 2168 937 9:

233 979 349 1019 ande
380 979 599 1031 safficiam
629 977 688 1016 ad
716 977 1060 1017 enumerandam
1078 980 1348 1029 felicitatem
1381 981 1477 1032 ejus
1507 981 1791 1026 matrimonii,
1823 980 1935 1032 qaod
1966 978 2168 1019 eccclesia

235 1057 462 1103 conciliat,
502 1062 546 1096 ec
577 1057 809 1109 confirmat
838 1056 998 1096 oblatio
1032 1054 1139 1110 (sive
1162 1057 1451 1106 Eucharistiae,
1483 1058 1567 1096 sive
1595 1055 1784 1110 precum)
1820 1063 1864 1098 et
1894 1058 2169 1111 obsignatam

234 1136 388 1188 angeli
413 1136 704 1180 renunciant,·
737 1140 868 1188 pater
900 1148 982 1188 pro
1006 1141 1106 1175 rato
1137 1137 1276 1177 habet.
1335 1136 1459 1176 Unde
1482 1136 1656 1175 forsitan
1683 1136 1890 1188 conjicere
1918 1137 2029 1184 licet,
2061 1137 2169 1175 inter

232 1214 335 1254 ritus
357 1214 629 1265 copulationis
647 1213 920 1252 Eucharistiae
949 1225 1114 1265 quoque
1144 1214 1274 1254 fuisse
1303 1215 1634 1255 celebrationem.
1684 1214 1788 1255 Nam
1817 1214 1869 1253 de
1897 1215 2168 1263 matrimonio,

231 1292 276 1332 in
306 1304 387 1343 quo
418 1296 593 1344 uterque
619 1293 768 1345 conjux
784 1292 1040 1332 Christianus
1065 1298 1186 1342 esset,
1217 1295 1338 1333 unice
1365 1295 1510 1346 agitur.
1571 1294 1628 1334 Et
1654 1296 1754 1334 licet
1777 1294 2012 1334 benedictio
2036 1306 2169 1334 sacer·-

234 1370 381 1411 dotalis
404 1371 586 1410 nondum
616 1372 660 1410 in
694 1372 829 1423 legem
853 1372 1043 1420 abiisset,
1085 1371 1388 1424 christianique
1418 1375 1688 1422 haberentur,
1730 1375 1799 1426 qui
1829 1374 1967 1413 nescia
1996 1372 2170 1413 ecclesia

233 1450 459 1499 nuberent,
497 1451 601 1502 legis
635 1454 772 1489 tamen
803 1450 894 1489 fere
923 1451 1068 1490 habuit
1097 1453 1191 1490 vim.
1253 1452 1375 1493 Patet
1406 1454 1488 1493 hoc
1527 1466 1578 1493 ex
1612 1453 1718 1492 libro
1751 1452 1804 1491 de
1833 1452 2030 1504 pudicitia
2066 1464 2103 1492 c.
2129 1451 2169 1491 4.

234 1530 335 1570 Ideo
362 1544 503 1584 penes
544 1543 626 1569 nos
670 1531 852 1570 occzcltoe
895 1543 1060 1584 quoqne
1114 1532 1473 1584 conjunctiones,
1526 1532 1573 1572 id
1609 1538 1699 1580 est,
1745 1545 1834 1572 non
1873 1533 2003 1585 prius
2049 1531 2171 1586 apud

233 1609 461 1649 ecclesiam
488 1610 719 1663 professae,
745 1608 881 1661 juxta
909 1610 1145 1650 moechiam
1174 1617 1219 1650 et
1236 1612 1588 1663 fornicationem
1617 1605 1935 1666 periclitantur
1956 1609 2167 1663 judicari.

231 1686 520 1726 Postulabatur
549 1687 659 1725 enim
681 1687 929 1725 matrimonii
955 1687 1125 1726 ineundi
1156 1688 1330 1728 facultas
1353 1690 1403 1728 ab
1428 1689 1649 1741 Episcopo,
1677 1688 1949 1740 Presbyteris,
1978 1688 2170 1729 Diaconis

231 1768 273 1805 et
295 1764 442 1806 Viduis
454 1764 501 1804 41.
563 1764 610 1804 In
642 1764 785 1804 Africa
812 1766 928 1817 pium
957 1766 1068 1805 hunc
1095 1767 1220 1806 ritum
1251 1772 1387 1807 ortum
1414 1750 1505 1807 esse
1536 1767 1675 1807 credo.
1723 1767 1944 1819 Antiquius
1974 1768 2083 1807 enim
2116 1766 2169 1808 de

231 1845 452 1885 eodemvin
481 1844 689 1896 Ignatiana
726 1843 778 1882 ad
808 1843 1083 1897 Polycarpum
1112 1846 1284 1896 epistola
1316 1842 1352 1885 c.
1380 1845 1420 1884 5.
1453 1847 1733 1885 testimonium
1762 1859 1907 1898 magna
1935 1845 2168 1898 suspicione

232 1925 415 1972 laborat,
462 1926 702 1974 certumque
731 1922 834 1971 hoc,
875 1922 985 1974 quod
1015 1927 1178 1964 aetatem
1204 1925 1319 1974 tulit,
1357 1927 1421 1963 est
1449 1936 1500 1963 ex
1529 1923 1669 1964 Africa
1697 1924 1943 1977 profectum.
1999 1923 2168 1965 Fideles

231 2014 328 2042 vero
346 2003 533 2043 Gentiles
557 2002 818 2042 matrimonio
834 2014 973 2042 secum
989 2002 1213 2057 jungentes
1242 2004 1373 2057 stupri
1400 1997 1494 2043 reos
1522 2016 1626 2053 esse,
1650 2003 1928 2044 Tertullianus
1954 2004 2100 2044 asserit
2115 2005 2167 2045 ad
2232 2059 2234 2061 ‚

231 2094 345 2122 uxor.
374 2081 424 2120 11.
453 2094 488 2121 c.
517 2083 559 2121 8.
1532 2070 1539 2074 V

441 2160 482 2199 8.
555 2162 800 2202 Dissolntio
831 2163 1107 2203 matrimonii
1134 2177 1218 2218 per
1260 2164 1500 2204 divortium
1537 2163 1582 2203 in
1615 2164 1807 2206 Africana
1845 2165 2021 2206 ecclesia
2055 2164 2168 2208 haud

232 2240 312 2279 fuit
333 2252 400 2279 res
430 2240 625 2280 inaudita.
682 2240 784 2293 Ejus
814 2241 923 2280 enim
954 2242 1206 2282 mentionem
1235 2242 1335 2283 facit
1351 2241 1630 2283 Tertullianus
1660 2245 1821 2296 saepius,
1850 2257 1886 2283 v.
1916 2258 1951 2284 c.
1980 2246 2086 2287 libro
2114 2245 2166 2287 11.

233 2318 284 2358 ad
309 2331 478 2358 uxorem
509 2332 544 2358 c.
560 2319 601 2358 2.
661 2318 743 2359 Sed
773 2319 893 2359 unica
918 2320 1100 2373 legitima
1129 2334 1247 2362 causa
1273 2321 1502 2361 habebatur
1530 2322 1774 2362 adulterium
1800 2320 1874 2377 (ad
1897 2338 2067 2366 uxorem
2094 2326 2166 2367 1.1.

232 2397 322 2437 adv.
348 2397 605 2437 Marcionem
636 2398 705 2439 IV.
731 2398 833 2450 34).
890 2398 980 2440 Nec
1007 2400 1262 2452 repudiatam
1296 2401 1480 2454 legitime
1517 2401 1673 2441 nubere
1711 2414 1854 2455 posse,
1898 2403 2022 2446 docet
2057 2406 2164 2448 libro

233 2475 286 2515 de
318 2477 574 2528 monogamia
606 2490 641 2516 c.
673 2478 717 2519 9.,

257 2633 292 2661 4⁰
315 2633 482 2668 Neandri
511 2634 555 2669 G.
578 2635 612 2670 d.
641 2634 686 2670 T.
713 2648 751 2681 p.
771 2634 852 2671 226.
873 2634 954 2671 254.
980 2646 1083 2681 sequ.
1245 2636 1280 2666 41
1305 2638 1362 2672 De
1387 2637 1631 2684 monogamia
1671 2651 1701 2674 c.
1731 2639 1789 2676 11.
1824 2643 1861 2675 et
1897 2638 2049 2690 Fliigge
2086 2640 2163 2679 Gc-

1318 2707 1493 2743 schichte
1525 2709 1594 2743 der
1613 2708 1886 2754 Copulationeu
1908 2720 1944 2754 p.
1963 2709 2021 2744 27.
2044 2706 2047 2710 ’
