2341 3340
1169 129 1237 177 98

511 273 568 315 Ut
601 277 644 314 te
673 274 961 327 corriperem,
1001 272 1207 314 tenebras
1242 282 1508 325 praeponere
1539 269 1642 311 luci.
1698 299 1699 302 η

512 355 619 406 Quis
640 354 847 407 patiatur
875 353 1005 399 enim,
1051 358 1095 393 te
1123 357 1309 392 matrem
1339 349 1518 390 credere
1545 361 1753 402 magnam

513 433 644 473 Posse
674 434 812 472 Deam
842 431 954 479 dici,
999 444 1235 484 rursusque
1269 436 1437 484 putare
1466 427 1707 476 colendam,

515 512 653 564 Cujus
683 511 875 550 caltores
903 511 1091 563 infamia
1127 510 1272 564 turpis
1302 508 1475 549 inurit?

428 594 472 631 et
501 593 594 643 post
621 587 677 628 25
703 599 844 628 versus
861 601 874 628 ε

515 670 681 712 Rumor
713 674 758 709 et
784 667 845 708 ad
875 674 1054 710 nostras
1087 669 1292 722 pervenit
1324 666 1528 722 publicus
1558 678 1707 714 aures,

519 748 582 788 Te
611 749 794 788 dixisse.-
816 740 817 743 Ἴ
839 749 959 796 Dea,
1001 748 1171 794 erravi,
1210 748 1401 800 ignosce,
1439 743 1640 787 redz'v2'23.

433 826 627 866 Ceterum
667 827 726 865 nil
766 827 949 867 continet
984 826 1066 866 hoc
1104 838 1296 874 carmen,
1342 837 1422 877 quo
1466 823 1517 864 ad
1558 836 1648 864 rem
1683 825 1862 862 nostram
1899 817 2175 860 illustrandam

251 908 313 951 uti
344 906 558 961 possimus.
639 904 742 953 Quae
785 905 858 943 adr
886 905 1197 956 superstitiones
1242 903 1638 956 Carthaginiensium
1680 901 1961 942 Romanorum
2000 899 2178 954 penitius

255 983 559 1041 cognoscendas
595 981 763 1029 faciunt,
797 982 947 1035 passim
976 983 1095 1035 tetigi
1126 983 1170 1021 in
1197 981 1417 1034 Religione
1446 981 1858 1034 Carthaginiensium.

924 1315 1147 1375 CAP.
1224 1315 1536 1374 XVIII.

898 1415 1156 1457 comus
1226 1412 1566 1457 Poenicus,

266 1593 309 1635 1.
366 1569 534 1658 Quum
555 1590 658 1631 nulli
683 1590 737 1630 sit
756 1589 999 1630 dubitationi
1027 1589 1259 1638 obnoxium,
1289 1590 1386 1642 quin
1416 1590 1550 1630 cultus
1575 1589 1764 1643 publicus
1785 1589 1828 1628 in
1850 1587 1983 1641 prisca
2005 1584 2194 1633 ecclesia,

267 1672 550 1715 deficientibas
583 1670 764 1724 quamvis
798 1669 971 1721 liturgiis
1000 1669 1165 1721 proprie
1204 1669 1263 1708 sic
1295 1669 1436 1718 dietis,
1479 1668 1573 1709 fere
1607 1669 1719 1709 idem
1761 1668 1914 1720 ubique
1949 1645 2119 1716 fuerit5'
2153 1663 2196 1704 in

267 1752 320 1794 iis
349 1751 518 1792 tantum'
540 1751 637 1790 heic
668 1747 973 1789 subsistendum
1009 1747 1126 1787 nobis
1165 1747 1264 1796 erit,
1310 1760 1402 1800 quoe
1433 1747 1499 1788 vel
1533 1747 1710 1802 primum
1742 1747 1787 1788 in
1817 1747 1960 1787 Africa
2000 1748 2090 1786 orta
2131 1742 2198 1784 ve'l

270 1831 477 1873 Africanae
506 1830 706 1870 Ecclesiae
738 1827 959 1880 peculiaria
993 1827 1124 1871 fuisse
1155 1826 1359 1866 videntur.
1425 1827 1546 1866 Diem
1579 1827 1829 1879 dominicum
1859 1826 1952 1865 Afri
1986 1828 2034 1864 ut
2069 1822 2199 1864 ceteri

272 1923 415 1953 omnes
448 1910 672 1950 Christiani
700 1909 768 1961 pie
796 1905 1071 1946 celebrabant.
1134 1904 1227 1944 Hoc
1260 1916 1359 1944 vero
1395 1905 1573 1958 primum
1600 1905 1644 1945 in
1683 1918 1825 1945 eorum
1864 1904 2050 1945 coetibus
2088 1903 2199 1943 inva-

272 1991 400 2033 luisse
430 1989 616 2037 videtur,
661 1986 772 2039 quod
812 1984 1001 2024 Paschali
1033 1986 1241 2036 tempore,
1286 1984 1473 2036 inprimis
1507 1987 1646 2024 autem
1685 1984 1832 2024 diebus
1864 1984 2112 2033 dominicis,
2149 1983 2199 2022 ab

276 2068 465 2110 omnibus
511 2066 763 2106 secularibus
811 2064 989 2117 negotiis
1036 2076 1128 2103 sese
1181 2063 1462 2103 abstinerent:
1520 2063 1777 2118 dzfferentes
1823 2065 1957 2103 etiam
1999 2063 2200 2117 negotia,

277 2148 412 2199 inquit
448 2145 755 2194 Tertullianus,
799 2157 855 2184 ne
895 2157 1017 2197 quem
1047 2143 1217 2183 diabolo
1255 2144 1396 2184 locum
1437 2142 1588 2182 demus
1603 2139 1633 2180 ¹.
1697 2140 1930 2181 Notandum
1978 2143 2203 2194 praeterea,

278 2229 451 2277 utraque
482 2225 638 2276 lingua,
677 2235 770 2262 cum
802 2220 948 2261 Latina
975 2225 1061 2262 tum
1091 2220 1267 2270 Punica,
1308 2233 1404 2261 usos
1425 2220 1555 2260 fuisse
1577 2219 1735 2273 priscos
1764 2220 1918 2260 Africae
1942 2220 2203 2262 Christanos:

279 2304 427 2345 Latina
453 2302 618 2355 quidem
646 2300 894 2354 Carthagine
923 2301 1094 2352 aliisque
1122 2301 1172 2340 in'
1194 2300 1375 2349 urbibus,
1411 2313 1435 2340 a
1464 2298 1659 2339 Romanis
1685 2299 1870 2352 inprimis
1900 2299 2107 2350 habitatis,
2132 2298 2204 2353 qui

281 2382 391 2424 haud
423 2394 515 2436 raro
542 2380 691 2421 Punici
722 2379 929 2420 idiomatis
956 2380 1077 2432 plane
1113 2379 1246 2432 ignari
1281 2383 1419 2428 erant;
1460 2378 1576 2432 cujus
1608 2377 1774 2430 quidem
1806 2379 1892 2428 rei,
1928 2392 2003 2433 per
2034 2391 2080 2420 se
2107 2377 2205 2422 satis

283 2464 432 2511 certae,
475 2459 770 2500 documentum
813 2457 983 2499 exhibet
1022 2457 1241 2512 Augustini
1285 2470 1421 2499 sermo
1452 2456 1570 2507 xlv,
1606 2457 1677 2497 ubi
1708 2457 1985 2511 Hipponensis
2026 2457 2203 2499 Doctore
2250 2458 2256 2463 '

310 2650 348 2681 23
358 2651 401 2684 In
414 2647 653 2695 poematibus
663 2651 747 2693 post
757 2645 925 2693 Append.
938 2658 1023 2693 opp.
1038 2645 1222 2693 Cypriani
1317 2643 1334 2673 1
1358 2644 1415 2680 De
1441 2644 1611 2681 oratione
1639 2656 1671 2682 c.
1694 2645 1753 2682 23.

383 2732 417 2765 p.
439 2718 472 2753 3.
500 2721 538 2752 et
561 2720 594 2753 4.
1155 2713 1157 2715 ι
