2341 3340
1199 138 1267 185 90

273 286 424 328 siarum
460 283 699 331 adservata,
742 280 817 322 sed
858 282 902 322 in
939 281 1124 323 manibus
1162 292 1326 333 quoque
1374 278 1699 320 Christianorum
1741 280 1898 339 fuisse,
1946 281 2016 332 qui
2056 280 2199 322 Latina

273 364 566 417 intelligerent,
596 362 839 414 litterasque
865 362 1117 402 didicissent.
1179 362 1262 402 Ubi
1278 363 1486 415 fomenta
1502 360 1636 416 fidei,
1677 360 1811 410 inquit
1842 359 2120 400 Tertullianus
2147 360 2200 401 ad

272 455 390 485 uxor.
417 442 509 483 Lib.
536 441 587 482 ΙΙ.
615 442 656 481 6.
686 442 739 482 de
771 443 1093 497 scripturaram
1123 441 1461 482 interlectione?
1517 439 1552 478 si
1589 440 1781 479 nimirum
1817 440 1985 479 maritus
2021 444 2064 480 et
2098 454 2200 481 uxor

273 522 447 563 diversae
471 524 607 562 essent
633 520 857 573 religionis,
886 521 1066 573 ideoque
1087 522 1319 560 communia
1341 531 1454 558 sacra
1478 517 1702 559 domestica
1724 520 1861 559 colere
1887 519 2000 559 haud
2021 523 2200 572 possent.

271 600 329 641 Et
365 601 472 640 libro
512 599 566 639 de
601 612 753 640 corona
789 600 908 640 milit.
946 613 981 640 c.
1002 600 1042 639 1.
1083 600 1153 639 ubi
1188 599 1240 639 de
1275 611 1426 652 pavore
1466 597 1791 639 Christianorum
1835 600 1886 639 ob
1927 597 2201 639 renovandam

271 679 604 733 persecutionem
628 680 831 732 loquitur,
860 679 995 719 addit:
1036 694 1117 721 nec
1144 679 1291 720 dubito
1321 679 1526 734 quosdam
1555 681 1799 733 scripturas
1827 681 2071 733 emigrare,
2105 691 2203 719 sar·-

271 760 395 800 cinas
420 759 628 814 expedire
645 788 657 807 ,
685 761 821 813 fugae
853 760 1027 812 accingi
1054 759 1107 799 de
1140 760 1322 802 civitate
1350 760 1398 799 in
1428 745 1665 799 civitatem.
1725 758 1826 808 Quae
1859 758 2026 808 quidem
2062 757 2201 810 priora

270 837 395 877 verba
421 838 671 877 subobscura
705 850 797 876 cum
825 837 981 877 Dallaeo
1015 841 1059 877 et
1092 838 1245 877 Zornio
1279 837 1464 890 intelligo
1500 836 1552 876 de
1586 837 1724 877 studio
1755 837 1920 876 codices
1954 835 1995 875 S.
2026 835 2067 875 S.
2096 836 2201 876 clam

270 916 513 958 amandandi
547 916 591 954 in
630 916 919 967 persecutione
936 913 985 952 18.
1045 914 1271 966 Cyprianus
1311 917 1515 956 Donatum
1549 917 1699 957 laicum
1736 917 1918 956 nobilem
1952 915 2201 966 divitemque

269 996 472 1044 hortatur,
507 998 553 1034 ut
571 994 762 1046 precibus
792 1000 835 1035 et
862 993 1031 1032 lectioni
1059 993 1267 1032 incumbat
1297 992 1370 1048 (ad
1388 994 1534 1033 Donat.
1560 996 1688 1047 p.9.).
1744 995 1792 1035 ln
1820 996 1925 1035 libro
1956 994 2010 1034 de
2036 993 2126 1034 zelo
2158 997 2202 1033 'et

269 1073 401 1114 livore
429 1087 470 1126 p.
502 1073 597 1112 227.
630 1073 838 1126 praecipitz
883 1075 944 1114 sit
971 1079 1077 1113 ante
1106 1075 1253 1113 oculos
1284 1073 1436 1114 divina
1470 1075 1613 1114 lectio.
1670 1073 1784 1113 Idem
1811 1074 1893 1113 hoc
1918 1073 2077 1126 praefat.
2105 1073 2201 1112 iibri

269 1154 476 1194 testimon.
509 1153 598 1193 adv.
627 1152 794 1192 Judaeos
825 1166 865 1205 p.
895 1153 963 1192 18.
993 1152 1147 1202 svadet,
1178 1156 1225 1191 ut
1254 1153 1377 1191 etiam
1408 1151 1515 1191 libro
1547 1151 1599 1191 de
1621 1153 1879 1204 spectaculis,
1923 1153 1959 1192 si
1984 1152 2107 1192 modo
2139 1156 2201 1191 est

270 1231 465 1286 Cypriani
497 1244 620 1285 opus,
659 1232 704 1271 id
734 1232 845 1284 quod
879 1233 1095 1272 incertum.
1154 1231 1471 1272 Commodianus
1490 1260 1502 1281 ,
1539 1231 1741 1281 Gentius,
1784 1232 1862 1271 sibi
1889 1232 1969 1285 ipsi
1996 1232 2076 1275 fuit
2103 1243 2201 1272 con-

269 1312 467 1353 versionis
499 1315 663 1360 auctor,
701 1311 799 1350 dum
826 1311 877 1351 ad
905 1324 1111 1352 sacrarum
1147 1311 1358 1350 literarum
1387 1310 1568 1350 studium
1606 1311 1864 1352 incumberet
1881 1309 1930 1350 1⁹.
1987 1310 2032 1350 In
2061 1322 2199 1363 perse-

268 1392 502 1432 cutionibus
531 1395 666 1432 autem
688 1391 943 1431 Christianos
972 1390 1097 1430 Afros
1125 1403 1280 1430 sacram
1302 1390 1545 1442 scripturam
1573 1391 1740 1430 minime
1775 1392 2003 1430 occultasse
2030 1392 2201 1435 constat,

269 1482 363 1511 cum
390 1483 440 1510 ex
461 1472 729 1524 responsione
753 1470 915 1523 Sperati
931 1470 1126 1522 Martyris
1147 1468 1361 1518 Scillitani,
1391 1469 1518 1509 libros
1542 1482 1642 1522 quos
1661 1470 1882 1512 Christiani
1903 1471 2089 1509 colerent
2109 1480 2200 1507 esse

270 1554 460 1605 quatuor
484 1552 752 1604 Evangelia,
782 1551 1014 1605 Epistolas
1041 1549 1176 1590 Pauli
1200 1554 1244 1589 et
1277 1562 1445 1590 omnem
1474 1550 1690 1591 divinitus
1721 1552 1985 1604 inspiratam
2012 1549 2198 1603 scripta—

270 1643 394 1678 ram,
432 1633 520 1669 tum
558 1641 721 1682 quoque
754 1642 805 1669 ex
839 1628 1086 1669 Tertulliani
1117 1616 1400 1681 Apologetico
1430 1642 1465 1668 e.
1494 1629 1562 1669 31.
1591 1631 1691 1670 nbi:
1735 1631 1909 1684 Inspice
1938 1629 2027 1669 Dei
2061 1640 2198 1674 voces,

270 1709 427 1749 literas
447 1714 639 1756 nostras,
667 1722 775 1763 qaas
800 1722 935 1763 neque
957 1709 1045 1762 ipsi
1065 1708 1391 1761 supprimimus,
1422 1713 1466 1748 et
1489 1710 1693 1763 plerique
1723 1721 1850 1749 casas
1880 1707 1940 1748 ad
1964 1711 2200 1747 extraneos

269 1789 553 1841 transferant
568 1802 585 1835 ,·
644 1791 870 1838 sequuntur
917 1787 1183 1839 allegationes
1227 1798 1278 1825 ex
1320 1785 1372 1826 N.
1405 1786 1456 1826 T.
1500 1787 1687 1839 inprimis
1737 1786 1960 1838 Evangelio
2008 1784 2199 1825 Matthaei

268 1864 534 1918 Panlinisque
555 1867 767 1919 Epistolis.
822 1865 886 1905 Ex
916 1866 1063 1916 quibus
1091 1865 1279 1905 omnibus
1297 1863 1415 1904 valde
1441 1865 1490 1904 fit
1506 1865 1732 1917 probabile,
1756 1865 1799 1903 in
1812 1864 2004 1904 Africana
2014 1863 2199 1903 Ecclesia

267 1947 427 1985 mature
458 1945 587 1985 fuisse
615 1945 816 1994 librarios,
846 1944 953 1998 apud
982 1956 1083 1996 quos
1110 1945 1204 1984 libri
1233 1944 1340 1985 sacri
1367 1955 1515 1983 venum
1543 1947 1788 1996 prostarent,
1819 1944 1874 1983 ita
1893 1946 2041 1983 utnon
2066 1943 2199 1983 solum

269 2024 433 2075 clerici,
475 2025 549 2064 sed
580 2028 622 2064 et
652 2025 773 2073 laici,
813 2025 961 2077 quibus
997 2023 1121 2064 Sacra
1157 2023 1367 2076 Scriptura
1404 2038 1512 2065 curae
1551 2024 1748 2075 cordique
1781 2026 1913 2071 esset,
1953 2023 2197 2075 exemplaria

205 2139 208 2143 ,
269 2116 408 2144 emere
435 2106 663 2157 potuerint3
704 2117 838 2156 neque
863 2104 1064 2143 sumtibus
1086 2104 1323 2156 pepercisse
1339 2103 1477 2152 Afros,
1503 2105 1612 2143 inter
1642 2115 1743 2155 quos
1770 2105 1833 2142 tot
1862 2106 1978 2142 erant
2008 2102 2197 2143 homines

269 2182 426 2223 divitiis
451 2183 694 2233 affluentes,
737 2195 788 2223 ex
813 2183 916 2223 locis
944 2182 1118 2223 laudatis
1147 2179 1434 2236 colligi'posse
1461 2183 1636 2223 videtur.

362 2331 531 2367 Textum
560 2331 746 2377 sequitur⁷
785 2344 900 2377 quem
931 2333 1146 2378 Cyprianus
1172 2333 1212 2368 in
1354 2334 1590 2378 praeceptum
1627 2331 1775 2366 Christi
1819 2331 1958 2366 Matth.
1985 2332 2031 2367 X.
2061 2332 2118 2367 24.
2157 2331 2195 2368 et

362 2401 633 2436 Testimonior.
654 2403 738 2437 adv.
759 2403 912 2437 Judaeos
942 2402 1054 2437 libris
1081 2405 1210 2440 habet.
1355 2404 1538 2448 emigrare
1582 2413 1662 2436 esse
1707 2401 1811 2436 idem
1858 2413 1902 2436 ac
1956 2403 2192 2449 transgredi,

293 2468 328 2498 18
351 2470 486 2505 Dallaei
504 2472 549 2506 D.
571 2472 753 2515 adversus
771 2472 996 2508 Latinorum
1018 2474 1064 2508 de
1080 2474 1211 2509 ¹cultus
1282 2496 1286 2500 .
1354 2473 1627 2509 obscuritatem
1656 2472 1732 2507 loci
1762 2472 1883 2506 nostri
1906 2471 2011 2507 haud
2035 2472 2192 2521 pellunt.

359 2541 473 2587 relig.
508 2541 658 2584 objecto
694 2542 941 2578 traditionem
968 2543 1011 2579 L.
1036 2544 1066 2579 Ι.
1096 2556 1127 2582 c.
1151 2543 1209 2579 25.
1281 2541 1317 2571 19
1349 2543 1527 2578 Instruct.
1550 2543 1589 2577 in
1623 2542 1846 2588 praefatione
1874 2553 1908 2576 v.
1929 2543 1962 2577 4.

361 2610 493 2645 Zornii
542 2611 676 2647 histor.
725 2613 826 2648 Bibl.
865 2616 1030 2649 manual.
1085 2627 1121 2660 p.
1149 2614 1208 2649 19.
1351 2614 1435 2659 Ego
1455 2613 1620 2649 similiter
1637 2613 1760 2648 erra-vi
1777 2616 1933 2657 tempore
1953 2612 2086 2656 multo,

362 2683 454 2727 Quae
476 2682 677 2717 Walchius
708 2695 798 2718 vom
833 2685 1038 2720 Gcbrauch
1072 2684 1140 2718 der
1167 2684 1207 2719 h.
1351 2684 1459 2720 Fana
1465 2683 1724 2729 prosequenda·
1732 2682 1945 2729 parentibus
1957 2682 2189 2730 insciisffpsis,

361 2749 511 2786 schrift
549 2765 586 2798 p.
622 2753 680 2789 55.
718 2758 849 2791 contra.
876 2758 1027 2798 monet,
1066 2752 1208 2800 respici
1349 2755 1492 2791 Abstula·
1508 2764 1563 2792 me
1582 2754 1730 2791 tandem
1747 2753 1841 2795 inde,
1869 2753 2022 2799 legendo
2041 2756 2188 2804 delege-
