<?xml version="1.0" encoding="UTF-8"?>
<!DOCTYPE html PUBLIC "-//W3C//DTD XHTML 1.0 Transitional//EN"
    "http://www.w3.org/TR/xhtml1/DTD/xhtml1-transitional.dtd">
<html xmlns="http://www.w3.org/1999/xhtml" xml:lang="en" lang="en">
 <head>
  <title>
</title>
<meta http-equiv="Content-Type" content="text/html;charset=utf-8" />
  <meta name='ocr-system' content='tesseract 3.04.00' />
  <meta name='ocr-capabilities' content='ocr_page ocr_carea ocr_par ocr_line ocrx_word'/>
</head>
<body>
  <div class='ocr_page' id='page_1' title='image "./fredericimnter00mn_0013.png"; bbox 0 0 2341 3340; ppageno 0'>
   <div class='ocr_carea' id='block_1_1' title="bbox 139 92 2044 114">
    <p class='ocr_par' dir='ltr' id='par_1_1' title="bbox 139 92 2044 114">
     <span class='ocr_line' id='line_1_1' title="bbox 139 92 2044 114; baseline 0 3226"><span class='ocrx_word' id='word_1_1' title='bbox 139 92 2044 114; x_wconf 95' lang='lat' dir='ltr'> </span> 
     </span>
    </p>
   </div>
   <div class='ocr_carea' id='block_1_2' title="bbox 406 651 1767 697">
    <p class='ocr_par' dir='ltr' id='par_1_2' title="bbox 406 651 1767 697">
     <span class='ocr_line' id='line_1_2' title="bbox 406 651 1767 697; baseline -0.004 0"><span class='ocrx_word' id='word_1_2' title='bbox 406 654 655 697; x_wconf 85' lang='lat' dir='ltr'><strong>AMBITUS</strong></span> <span class='ocrx_word' id='word_1_3' title='bbox 708 655 783 696; x_wconf 89' lang='grc' dir='ltr'>ΕΤ</span> <span class='ocrx_word' id='word_1_4' title='bbox 836 655 1066 695; x_wconf 87' lang='lat' dir='ltr'>LIMITES</span> <span class='ocrx_word' id='word_1_5' title='bbox 1117 653 1401 693; x_wconf 80' lang='lat' dir='ltr'><strong>ECCLESIAE</strong></span> <span class='ocrx_word' id='word_1_6' title='bbox 1458 651 1767 693; x_wconf 77' lang='lat' dir='ltr'><strong>AFRICANAE.</strong></span> 
     </span>
    </p>
   </div>
   <div class='ocr_carea' id='block_1_3' title="bbox 131 796 2037 2130">
    <p class='ocr_par' dir='ltr' id='par_1_3' title="bbox 131 796 2037 2130">
     <span class='ocr_line' id='line_1_3' title="bbox 137 796 2037 878; baseline -0.001 -12"><span class='ocrx_word' id='word_1_7' title='bbox 137 827 175 866; x_wconf 91' lang='grc'><strong>1.</strong></span> <span class='ocrx_word' id='word_1_8' title='bbox 233 796 493 867; x_wconf 74' lang='lat' dir='ltr'>Ecclesiam</span> <span class='ocrx_word' id='word_1_9' title='bbox 523 829 774 875; x_wconf 84' lang='lat' dir='ltr'>Africanam,</span> <span class='ocrx_word' id='word_1_10' title='bbox 828 838 918 878; x_wconf 80' lang='lat' dir='ltr'>quae</span> <span class='ocrx_word' id='word_1_11' title='bbox 957 839 1050 878; x_wconf 89' lang='lat' dir='ltr'>pars</span> <span class='ocrx_word' id='word_1_12' title='bbox 1089 827 1175 864; x_wconf 81' lang='lat' dir='ltr'>erat</span> <span class='ocrx_word' id='word_1_13' title='bbox 1211 825 1410 865; x_wconf 73' lang='lat' dir='ltr'>Ecclesiae</span> <span class='ocrx_word' id='word_1_14' title='bbox 1447 825 1748 872; x_wconf 78' lang='lat' dir='ltr'>Occidentalis,</span> <span class='ocrx_word' id='word_1_15' title='bbox 1790 822 2037 864; x_wconf 79' lang='lat' dir='ltr'>Patriarchae</span> 
     </span>
     <span class='ocr_line' id='line_1_4' title="bbox 135 903 2036 959; baseline -0.002 -15"><span class='ocrx_word' id='word_1_16' title='bbox 135 905 433 954; x_wconf 72' lang='lat' dir='ltr'>Alexandriae,</span> <span class='ocrx_word' id='word_1_17' title='bbox 474 907 523 945; x_wconf 86' lang='lat' dir='ltr'>ad</span> <span class='ocrx_word' id='word_1_18' title='bbox 552 907 667 959; x_wconf 78' lang='lat' dir='ltr'>cujus</span> <span class='ocrx_word' id='word_1_19' title='bbox 697 906 952 945; x_wconf 72' lang='lat' dir='ltr'>Provinciam</span> <span class='ocrx_word' id='word_1_20' title='bbox 986 903 1139 956; x_wconf 82' lang='lat' dir='ltr'>Libya1</span> <span class='ocrx_word' id='word_1_21' title='bbox 1177 908 1219 943; x_wconf 89' lang='lat' dir='ltr'>et</span> <span class='ocrx_word' id='word_1_22' title='bbox 1258 904 1478 956; x_wconf 83' lang='lat' dir='ltr'>Cyrenaica</span> <span class='ocrx_word' id='word_1_23' title='bbox 1510 904 1791 956; x_wconf 77' lang='lat' dir='ltr'>pertinebant,</span> <span class='ocrx_word' id='word_1_24' title='bbox 1832 915 2036 954; x_wconf 88' lang='lat' dir='ltr'>nunquam</span> 
     </span>
     <span class='ocr_line' id='line_1_5' title="bbox 137 981 2035 1037; baseline -0.002 -15"><span class='ocrx_word' id='word_1_25' title='bbox 137 983 373 1035; x_wconf 85' lang='lat' dir='ltr'>obsequium</span> <span class='ocrx_word' id='word_1_26' title='bbox 403 986 652 1037; x_wconf 63' lang='lat' dir='ltr'>praestitisse,</span> <span class='ocrx_word' id='word_1_27' title='bbox 682 985 789 1023; x_wconf 90' lang='lat' dir='ltr'>iuter</span> <span class='ocrx_word' id='word_1_28' title='bbox 821 995 960 1022; x_wconf 84' lang='lat' dir='ltr'>omnes</span> <span class='ocrx_word' id='word_1_29' title='bbox 982 983 1174 1022; x_wconf 76' lang='lat' dir='ltr'>Historiae</span> <span class='ocrx_word' id='word_1_30' title='bbox 1196 983 1495 1022; x_wconf 83' lang='lat' dir='ltr'>Ecclesiasticae</span> <span class='ocrx_word' id='word_1_31' title='bbox 1523 982 1676 1033; x_wconf 88' lang='lat' dir='ltr'>peritos</span> <span class='ocrx_word' id='word_1_32' title='bbox 1707 984 1875 1020; x_wconf 86' lang='lat' dir='ltr'>constat.</span> <span class='ocrx_word' id='word_1_33' title='bbox 1935 981 2035 1033; x_wconf 85' lang='lat' dir='ltr'>Ejus</span> 
     </span>
     <span class='ocr_line' id='line_1_6' title="bbox 134 1059 2034 1114; baseline -0.001 -15"><span class='ocrx_word' id='word_1_34' title='bbox 134 1073 230 1100; x_wconf 72' lang='lat' dir='ltr'>vero</span> <span class='ocrx_word' id='word_1_35' title='bbox 262 1063 411 1102; x_wconf 86' lang='lat' dir='ltr'>limites</span> <span class='ocrx_word' id='word_1_36' title='bbox 449 1077 471 1102; x_wconf 89' lang='lat' dir='ltr'>a</span> <span class='ocrx_word' id='word_1_37' title='bbox 512 1063 734 1114; x_wconf 82' lang='lat' dir='ltr'>Cyrenaica</span> <span class='ocrx_word' id='word_1_38' title='bbox 771 1062 1081 1114; x_wconf 78' lang='lat' dir='ltr'>porrigebantur</span> <span class='ocrx_word' id='word_1_39' title='bbox 1119 1061 1167 1100; x_wconf 90' lang='lat' dir='ltr'>ab</span> <span class='ocrx_word' id='word_1_40' title='bbox 1211 1065 1303 1100; x_wconf 88' lang='lat' dir='ltr'>ortu</span> <span class='ocrx_word' id='word_1_41' title='bbox 1340 1074 1469 1112; x_wconf 86' lang='lat' dir='ltr'>usque</span> <span class='ocrx_word' id='word_1_42' title='bbox 1513 1060 1564 1098; x_wconf 84' lang='lat' dir='ltr'>ad</span> <span class='ocrx_word' id='word_1_43' title='bbox 1599 1060 1752 1098; x_wconf 87' lang='lat' dir='ltr'>fretum</span> <span class='ocrx_word' id='word_1_44' title='bbox 1794 1059 2034 1098; x_wconf 83' lang='lat' dir='ltr'>Gaditanum</span> 
     </span>
     <span class='ocr_line' id='line_1_7' title="bbox 136 1136 2035 1192; baseline -0.002 -15"><span class='ocrx_word' id='word_1_45' title='bbox 136 1138 423 1191; x_wconf 84' lang='lat' dir='ltr'>Oceanumque</span> <span class='ocrx_word' id='word_1_46' title='bbox 454 1141 728 1180; x_wconf 81' lang='lat' dir='ltr'>Atlanticum:</span> <span class='ocrx_word' id='word_1_47' title='bbox 792 1155 815 1180; x_wconf 85' lang='lat' dir='ltr'>a</span> <span class='ocrx_word' id='word_1_48' title='bbox 861 1139 1136 1192; x_wconf 82' lang='lat' dir='ltr'>septentrione</span> <span class='ocrx_word' id='word_1_49' title='bbox 1189 1139 1290 1176; x_wconf 88' lang='lat' dir='ltr'>mari</span> <span class='ocrx_word' id='word_1_50' title='bbox 1334 1138 1612 1176; x_wconf 87' lang='lat' dir='ltr'>mediteraneo</span> <span class='ocrx_word' id='word_1_51' title='bbox 1655 1136 1954 1184; x_wconf 81' lang='lat' dir='ltr'>adluebantur,</span> <span class='ocrx_word' id='word_1_52' title='bbox 2014 1149 2035 1174; x_wconf 87' lang='lat' dir='ltr'>a</span> 
     </span>
     <span class='ocr_line' id='line_1_8' title="bbox 133 1214 2035 1270; baseline -0.002 -15"><span class='ocrx_word' id='word_1_53' title='bbox 133 1217 304 1256; x_wconf 79' lang='lat' dir='ltr'>meridie</span> <span class='ocrx_word' id='word_1_54' title='bbox 332 1218 507 1270; x_wconf 70' lang='lat' dir='ltr'>denique</span> <span class='ocrx_word' id='word_1_55' title='bbox 533 1220 705 1259; x_wconf 81' lang='lat' dir='ltr'>Atlantis</span> <span class='ocrx_word' id='word_1_56' title='bbox 741 1223 783 1258; x_wconf 92' lang='lat' dir='ltr'>et</span> <span class='ocrx_word' id='word_1_57' title='bbox 819 1218 1067 1269; x_wconf 84' lang='lat' dir='ltr'>reliquorum</span> <span class='ocrx_word' id='word_1_58' title='bbox 1097 1217 1296 1255; x_wconf 88' lang='lat' dir='ltr'>montium</span> <span class='ocrx_word' id='word_1_59' title='bbox 1315 1217 1448 1269; x_wconf 79' lang='lat' dir='ltr'>jugis,</span> <span class='ocrx_word' id='word_1_60' title='bbox 1488 1215 1634 1266; x_wconf 87' lang='lat' dir='ltr'>quibus</span> <span class='ocrx_word' id='word_1_61' title='bbox 1662 1214 1795 1265; x_wconf 88' lang='lat' dir='ltr'>ipsum</span> <span class='ocrx_word' id='word_1_62' title='bbox 1820 1214 2035 1265; x_wconf 81' lang='lat' dir='ltr'>imperium</span> 
     </span>
     <span class='ocr_line' id='line_1_9' title="bbox 133 1291 2037 1347; baseline -0.003 -13"><span class='ocrx_word' id='word_1_63' title='bbox 133 1293 361 1336; x_wconf 84' lang='lat' dir='ltr'>Romanum</span> <span class='ocrx_word' id='word_1_64' title='bbox 399 1311 422 1336; x_wconf 89' lang='lat' dir='ltr'>a</span> <span class='ocrx_word' id='word_1_65' title='bbox 452 1298 702 1336; x_wconf 77' lang='lat' dir='ltr'>Gaetulorum</span> <span class='ocrx_word' id='word_1_66' title='bbox 739 1299 991 1347; x_wconf 88' lang='lat' dir='ltr'>aliorumque</span> <span class='ocrx_word' id='word_1_67' title='bbox 1024 1295 1297 1347; x_wconf 85' lang='lat' dir='ltr'>populorum,</span> <span class='ocrx_word' id='word_1_68' title='bbox 1343 1295 1412 1346; x_wconf 84' lang='lat' dir='ltr'>qui</span> <span class='ocrx_word' id='word_1_69' title='bbox 1451 1295 1622 1346; x_wconf 83' lang='lat' dir='ltr'>Libyam</span> <span class='ocrx_word' id='word_1_70' title='bbox 1656 1292 1894 1333; x_wconf 89' lang='lat' dir='ltr'>interiorem</span> <span class='ocrx_word' id='word_1_71' title='bbox 1922 1291 2037 1329; x_wconf 85' lang='lat' dir='ltr'>habi-</span> 
     </span>
     <span class='ocr_line' id='line_1_10' title="bbox 133 1367 2037 1427; baseline -0.003 -15"><span class='ocrx_word' id='word_1_72' title='bbox 133 1372 299 1422; x_wconf 85' lang='lat' dir='ltr'>tabant,</span> <span class='ocrx_word' id='word_1_73' title='bbox 327 1376 485 1421; x_wconf 54' lang='lat' dir='ltr'>ffinibus</span> <span class='ocrx_word' id='word_1_74' title='bbox 517 1375 770 1427; x_wconf 85' lang='lat' dir='ltr'>desertisque</span> <span class='ocrx_word' id='word_1_75' title='bbox 809 1376 988 1414; x_wconf 88' lang='lat' dir='ltr'>arenosis</span> <span class='ocrx_word' id='word_1_76' title='bbox 1025 1374 1401 1422; x_wconf 84' lang='lat' dir='ltr'>discriminabatur,</span> <span class='ocrx_word' id='word_1_77' title='bbox 1451 1372 1693 1411; x_wconf 90' lang='lat' dir='ltr'>contermini</span> <span class='ocrx_word' id='word_1_78' title='bbox 1729 1372 1842 1409; x_wconf 87' lang='lat' dir='ltr'>erant</span> <span class='ocrx_word' id='word_1_79' title='bbox 1861 1367 1892 1406; x_wconf 78' lang='lat'>2.</span> <span class='ocrx_word' id='word_1_80' title='bbox 1959 1369 2037 1419; x_wconf 74' lang='lat' dir='ltr'>Qui</span> 
     </span>
     <span class='ocr_line' id='line_1_11' title="bbox 137 1448 2035 1503; baseline -0.002 -13"><span class='ocrx_word' id='word_1_81' title='bbox 137 1451 301 1502; x_wconf 89' lang='lat' dir='ltr'>quidem</span> <span class='ocrx_word' id='word_1_82' title='bbox 328 1453 511 1494; x_wconf 83' lang='lat' dir='ltr'>latissimi</span> <span class='ocrx_word' id='word_1_83' title='bbox 547 1459 744 1494; x_wconf 87' lang='lat' dir='ltr'>terrarum</span> <span class='ocrx_word' id='word_1_84' title='bbox 780 1458 958 1502; x_wconf 80' lang='lat' dir='ltr'>tractus,</span> <span class='ocrx_word' id='word_1_85' title='bbox 995 1453 1029 1492; x_wconf 88' lang='lat' dir='ltr'>si</span> <span class='ocrx_word' id='word_1_86' title='bbox 1064 1452 1278 1503; x_wconf 80' lang='lat' dir='ltr'>Europaeis</span> <span class='ocrx_word' id='word_1_87' title='bbox 1320 1451 1589 1502; x_wconf 90' lang='lat' dir='ltr'>componendi</span> <span class='ocrx_word' id='word_1_88' title='bbox 1621 1451 1726 1498; x_wconf 84' lang='lat' dir='ltr'>sint,</span> <span class='ocrx_word' id='word_1_89' title='bbox 1780 1448 2035 1488; x_wconf 81' lang='lat' dir='ltr'>Germaniam</span> 
     </span>
     <span class='ocr_line' id='line_1_12' title="bbox 134 1526 2036 1585; baseline -0.003 -16"><span class='ocrx_word' id='word_1_90' title='bbox 134 1531 406 1582; x_wconf 75' lang='lat' dir='ltr'>superabunt,</span> <span class='ocrx_word' id='word_1_91' title='bbox 451 1537 592 1585; x_wconf 87' lang='lat' dir='ltr'>utpote</span> <span class='ocrx_word' id='word_1_92' title='bbox 621 1534 690 1584; x_wconf 90' lang='lat' dir='ltr'>qui</span> <span class='ocrx_word' id='word_1_93' title='bbox 715 1533 897 1572; x_wconf 41' lang='lat' dir='ltr'>*circiter</span> <span class='ocrx_word' id='word_1_94' title='bbox 931 1532 1069 1571; x_wconf 77' lang='grc'><strong>16000</strong></span> <span class='ocrx_word' id='word_1_95' title='bbox 1108 1529 1294 1569; x_wconf 85' lang='lat' dir='ltr'>milliaria</span> <span class='ocrx_word' id='word_1_96' title='bbox 1333 1529 1525 1579; x_wconf 78' lang='lat' dir='ltr'>quadrata</span> <span class='ocrx_word' id='word_1_97' title='bbox 1563 1527 1944 1580; x_wconf 86' lang='lat' dir='ltr'>comprehendunt3</span> <span class='ocrx_word' id='word_1_98' title='bbox 1985 1526 2036 1566; x_wconf 87' lang='lat' dir='ltr'>ab</span> 
     </span>
     <span class='ocr_line' id='line_1_13' title="bbox 132 1605 2035 1662; baseline -0.003 -16"><span class='ocrx_word' id='word_1_99' title='bbox 132 1608 330 1647; x_wconf 84' lang='lat' dir='ltr'>immenso</span> <span class='ocrx_word' id='word_1_100' title='bbox 372 1612 523 1662; x_wconf 83' lang='lat' dir='ltr'>populo</span> <span class='ocrx_word' id='word_1_101' title='bbox 555 1611 726 1650; x_wconf 87' lang='lat' dir='ltr'>habitati</span> <span class='ocrx_word' id='word_1_102' title='bbox 770 1614 915 1657; x_wconf 86' lang='lat' dir='ltr'>erant,</span> <span class='ocrx_word' id='word_1_103' title='bbox 968 1607 1347 1657; x_wconf 82' lang='lat' dir='ltr'>ssorentissimisque</span> <span class='ocrx_word' id='word_1_104' title='bbox 1391 1608 1559 1646; x_wconf 81' lang='lat' dir='ltr'>urbibus</span> <span class='ocrx_word' id='word_1_105' title='bbox 1601 1607 1738 1657; x_wconf 83' lang='lat' dir='ltr'>pleni,</span> <span class='ocrx_word' id='word_1_106' title='bbox 1789 1605 1898 1643; x_wconf 89' lang='lat' dir='ltr'>inter</span> <span class='ocrx_word' id='word_1_107' title='bbox 1938 1615 2035 1655; x_wconf 86' lang='lat' dir='ltr'>quas</span> 
     </span>
     <span class='ocr_line' id='line_1_14' title="bbox 134 1684 2034 1737; baseline -0.001 -14"><span class='ocrx_word' id='word_1_108' title='bbox 134 1685 304 1723; x_wconf 83' lang='lat' dir='ltr'>eminuit</span> <span class='ocrx_word' id='word_1_109' title='bbox 338 1686 558 1737; x_wconf 79' lang='lat' dir='ltr'>Carthago,</span> <span class='ocrx_word' id='word_1_110' title='bbox 611 1689 817 1732; x_wconf 74' lang='lat' dir='ltr'>alterum,</span> <span class='ocrx_word' id='word_1_111' title='bbox 863 1689 909 1723; x_wconf 86' lang='lat' dir='ltr'>ut</span> <span class='ocrx_word' id='word_1_112' title='bbox 937 1684 1099 1723; x_wconf 85' lang='lat' dir='ltr'>Solinus</span> <span class='ocrx_word' id='word_1_113' title='bbox 1129 1684 1253 1730; x_wconf 86' lang='lat' dir='ltr'>dicit,</span> <span class='ocrx_word' id='word_1_114' title='bbox 1293 1688 1396 1736; x_wconf 77' lang='lat' dir='ltr'>post</span> <span class='ocrx_word' id='word_1_115' title='bbox 1425 1684 1571 1723; x_wconf 81' lang='lat' dir='ltr'>urbem</span> <span class='ocrx_word' id='word_1_116' title='bbox 1599 1684 1779 1723; x_wconf 80' lang='lat' dir='ltr'>Romam</span> <span class='ocrx_word' id='word_1_117' title='bbox 1811 1690 2034 1723; x_wconf 78' lang='lat' dir='ltr'>terrarum</span> 
     </span>
     <span class='ocr_line' id='line_1_15' title="bbox 133 1760 2036 1814; baseline -0.002 -11"><span class='ocrx_word' id='word_1_118' title='bbox 133 1764 262 1803; x_wconf 77' lang='lat' dir='ltr'>decus</span> <span class='ocrx_word' id='word_1_119' title='bbox 278 1762 307 1800; x_wconf 81' lang='grc'>3.</span> <span class='ocrx_word' id='word_1_120' title='bbox 390 1762 621 1814; x_wconf 81' lang='lat' dir='ltr'>Longitudo</span> <span class='ocrx_word' id='word_1_121' title='bbox 660 1777 682 1802; x_wconf 85' lang='lat' dir='ltr'>a</span> <span class='ocrx_word' id='word_1_122' title='bbox 719 1763 940 1814; x_wconf 79' lang='lat' dir='ltr'>Cyrenaica</span> <span class='ocrx_word' id='word_1_123' title='bbox 981 1761 1032 1800; x_wconf 87' lang='lat' dir='ltr'>ad</span> <span class='ocrx_word' id='word_1_124' title='bbox 1072 1760 1280 1799; x_wconf 89' lang='lat' dir='ltr'>Oceanum</span> <span class='ocrx_word' id='word_1_125' title='bbox 1323 1773 1397 1811; x_wconf 86' lang='lat' dir='ltr'>per</span> <span class='ocrx_word' id='word_1_126' title='bbox 1432 1760 1539 1808; x_wconf 76' lang='grc'><strong>300,</strong></span> <span class='ocrx_word' id='word_1_127' title='bbox 1554 1764 1596 1799; x_wconf 84' lang='lat' dir='ltr'>et</span> <span class='ocrx_word' id='word_1_128' title='bbox 1637 1761 1808 1811; x_wconf 83' lang='lat' dir='ltr'>amplius</span> <span class='ocrx_word' id='word_1_129' title='bbox 1850 1761 2036 1799; x_wconf 84' lang='lat' dir='ltr'>milliaria</span> 
     </span>
     <span class='ocr_line' id='line_1_16' title="bbox 134 1837 2036 1894; baseline -0.002 -14"><span class='ocrx_word' id='word_1_130' title='bbox 134 1842 404 1894; x_wconf 80' lang='lat' dir='ltr'>geographica</span> <span class='ocrx_word' id='word_1_131' title='bbox 438 1841 778 1893; x_wconf 81' lang='lat' dir='ltr'>protendebatur,</span> <span class='ocrx_word' id='word_1_132' title='bbox 823 1840 996 1879; x_wconf 86' lang='lat' dir='ltr'>latitudo</span> <span class='ocrx_word' id='word_1_133' title='bbox 1029 1839 1187 1878; x_wconf 79' lang='lat' dir='ltr'>diversa</span> <span class='ocrx_word' id='word_1_134' title='bbox 1219 1842 1305 1877; x_wconf 87' lang='lat' dir='ltr'>erat</span> <span class='ocrx_word' id='word_1_135' title='bbox 1332 1839 1441 1877; x_wconf 86' lang='lat' dir='ltr'>inter</span> <span class='ocrx_word' id='word_1_136' title='bbox 1468 1839 1523 1877; x_wconf 92' lang='grc'>10</span> <span class='ocrx_word' id='word_1_137' title='bbox 1553 1851 1681 1889; x_wconf 82' lang='lat' dir='ltr'>usque</span> <span class='ocrx_word' id='word_1_138' title='bbox 1711 1838 1761 1876; x_wconf 88' lang='lat' dir='ltr'>ad</span> <span class='ocrx_word' id='word_1_139' title='bbox 1789 1837 1866 1885; x_wconf 82' lang='lat'>15,</span> <span class='ocrx_word' id='word_1_140' title='bbox 1905 1841 1948 1877; x_wconf 87' lang='lat' dir='ltr'>et</span> <span class='ocrx_word' id='word_1_141' title='bbox 1981 1838 2036 1876; x_wconf 84' lang='lat'>40</span> 
     </span>
     <span class='ocr_line' id='line_1_17' title="bbox 132 1912 2034 1971; baseline -0.002 -13"><span class='ocrx_word' id='word_1_142' title='bbox 132 1932 261 1971; x_wconf 87' lang='lat' dir='ltr'>usque</span> <span class='ocrx_word' id='word_1_143' title='bbox 292 1919 343 1959; x_wconf 81' lang='lat' dir='ltr'>ad</span> <span class='ocrx_word' id='word_1_144' title='bbox 379 1919 434 1958; x_wconf 67' lang='lat'>50</span> <span class='ocrx_word' id='word_1_145' title='bbox 463 1920 648 1958; x_wconf 84' lang='lat' dir='ltr'>milliaria</span> <span class='ocrx_word' id='word_1_146' title='bbox 685 1919 969 1971; x_wconf 77' lang='lat' dir='ltr'>geographica.</span> <span class='ocrx_word' id='word_1_147' title='bbox 1043 1918 1105 1957; x_wconf 87' lang='lat' dir='ltr'>De</span> <span class='ocrx_word' id='word_1_148' title='bbox 1142 1912 1384 1964; x_wconf 84' lang='lat' dir='ltr'>incolarum,</span> <span class='ocrx_word' id='word_1_149' title='bbox 1439 1916 1735 1964; x_wconf 82' lang='lat' dir='ltr'>Romanorum,</span> <span class='ocrx_word' id='word_1_150' title='bbox 1791 1915 2034 1963; x_wconf 83' lang='lat' dir='ltr'>Poenorum,</span> 
     </span>
     <span class='ocr_line' id='line_1_18' title="bbox 131 1993 2033 2050; baseline -0.004 -11"><span class='ocrx_word' id='word_1_151' title='bbox 131 1999 438 2050; x_wconf 83' lang='lat' dir='ltr'>Nomadumque</span> <span class='ocrx_word' id='word_1_152' title='bbox 465 1997 618 2037; x_wconf 81' lang='lat' dir='ltr'>Africae</span> <span class='ocrx_word' id='word_1_153' title='bbox 641 1998 935 2049; x_wconf 77' lang='lat' dir='ltr'>indigenarum,</span> <span class='ocrx_word' id='word_1_154' title='bbox 968 1997 1037 2047; x_wconf 87' lang='lat' dir='ltr'>qui</span> <span class='ocrx_word' id='word_1_155' title='bbox 1065 1996 1350 2042; x_wconf 85' lang='lat' dir='ltr'>Berberorum,</span> <span class='ocrx_word' id='word_1_156' title='bbox 1383 2008 1483 2046; x_wconf 83' lang='lat' dir='ltr'>quos</span> <span class='ocrx_word' id='word_1_157' title='bbox 1515 1994 1721 2046; x_wconf 86' lang='lat' dir='ltr'>hodieque</span> <span class='ocrx_word' id='word_1_158' title='bbox 1750 1994 1862 2032; x_wconf 88' lang='lat' dir='ltr'>alunt</span> <span class='ocrx_word' id='word_1_159' title='bbox 1881 1993 2033 2032; x_wconf 63' lang='lat' dir='ltr'>Africae</span> 
     </span>
     <span class='ocr_line' id='line_1_19' title="bbox 132 2071 2034 2130; baseline -0.004 -14"><span class='ocrx_word' id='word_1_160' title='bbox 132 2076 289 2130; x_wconf 81' lang='lat' dir='ltr'>pascua,</span> <span class='ocrx_word' id='word_1_161' title='bbox 316 2078 490 2129; x_wconf 86' lang='lat' dir='ltr'>majores</span> <span class='ocrx_word' id='word_1_162' title='bbox 519 2077 662 2128; x_wconf 87' lang='lat' dir='ltr'>procul</span> <span class='ocrx_word' id='word_1_163' title='bbox 685 2075 808 2114; x_wconf 76' lang='lat' dir='ltr'>dubio</span> <span class='ocrx_word' id='word_1_164' title='bbox 827 2075 1007 2121; x_wconf 84' lang='lat' dir='ltr'>suerunt,</span> <span class='ocrx_word' id='word_1_165' title='bbox 1036 2074 1295 2112; x_wconf 77' lang='lat' dir='ltr'>multitudine</span> <span class='ocrx_word' id='word_1_166' title='bbox 1323 2074 1381 2111; x_wconf 88' lang='lat' dir='ltr'>nil</span> <span class='ocrx_word' id='word_1_167' title='bbox 1410 2073 1511 2111; x_wconf 80' lang='lat' dir='ltr'>certi</span> <span class='ocrx_word' id='word_1_168' title='bbox 1539 2076 1707 2111; x_wconf 86' lang='lat' dir='ltr'>constat.</span> <span class='ocrx_word' id='word_1_169' title='bbox 1757 2071 1840 2109; x_wconf 75' lang='lat' dir='ltr'>Sed</span> <span class='ocrx_word' id='word_1_170' title='bbox 1867 2084 2034 2123; x_wconf 82' lang='lat' dir='ltr'>magnus</span> 
     </span>
    </p>
   </div>
   <div class='ocr_carea' id='block_1_4' title="bbox 132 2149 2032 2205">
    <p class='ocr_par' dir='ltr' id='par_1_4' title="bbox 132 2149 2032 2205">
     <span class='ocr_line' id='line_1_20' title="bbox 132 2149 2032 2205; baseline -0.004 -11"><span class='ocrx_word' id='word_1_171' title='bbox 132 2152 293 2194; x_wconf 82' lang='lat' dir='ltr'>urbium</span> <span class='ocrx_word' id='word_1_172' title='bbox 334 2156 622 2205; x_wconf 81' lang='lat' dir='ltr'>vicorumque,</span> <span class='ocrx_word' id='word_1_173' title='bbox 675 2154 820 2204; x_wconf 83' lang='lat' dir='ltr'>quibus</span> <span class='ocrx_word' id='word_1_174' title='bbox 866 2153 1023 2204; x_wconf 87' lang='lat' dir='ltr'>repleta</span> <span class='ocrx_word' id='word_1_175' title='bbox 1084 2151 1166 2191; x_wconf 83' lang='lat' dir='ltr'>fuit</span> <span class='ocrx_word' id='word_1_176' title='bbox 1205 2151 1346 2190; x_wconf 82' lang='lat' dir='ltr'>Africa</span> <span class='ocrx_word' id='word_1_177' title='bbox 1364 2179 1376 2200; x_wconf 91' lang='lat'>,</span> <span class='ocrx_word' id='word_1_178' title='bbox 1416 2163 1608 2190; x_wconf 87' lang='lat' dir='ltr'>numerus</span> <span class='ocrx_word' id='word_1_179' title='bbox 1662 2149 1804 2189; x_wconf 89' lang='lat' dir='ltr'>suadet</span> <span class='ocrx_word' id='word_1_180' title='bbox 1852 2149 2032 2196; x_wconf 79' lang='lat' dir='ltr'>credere,</span> 
     </span>
    </p>
   </div>
   <div class='ocr_carea' id='block_1_5' title="bbox 132 2232 785 2272">
    <p class='ocr_par' dir='ltr' id='par_1_5' title="bbox 132 2232 785 2272">
     <span class='ocr_line' id='line_1_21' title="bbox 132 2232 785 2272; baseline -0.003 0"><span class='ocrx_word' id='word_1_181' title='bbox 132 2235 374 2272; x_wconf 88' lang='lat' dir='ltr'>immensum</span> <span class='ocrx_word' id='word_1_182' title='bbox 414 2236 456 2272; x_wconf 87' lang='lat' dir='ltr'>et</span> <span class='ocrx_word' id='word_1_183' title='bbox 494 2233 604 2272; x_wconf 91' lang='lat' dir='ltr'>hunc</span> <span class='ocrx_word' id='word_1_184' title='bbox 642 2232 785 2272; x_wconf 81' lang='lat' dir='ltr'>fuisse.</span> 
     </span>
    </p>
   </div>
   <div class='ocr_carea' id='block_1_6' title="bbox 187 2385 2026 2571">
    <p class='ocr_par' dir='ltr' id='par_1_6' title="bbox 187 2385 2026 2571">
     <span class='ocr_line' id='line_1_22' title="bbox 187 2385 2026 2435; baseline -0.001 -15"><span class='ocrx_word' id='word_1_185' title='bbox 187 2386 202 2414; x_wconf 87' lang='lat' dir='ltr'>l</span> <span class='ocrx_word' id='word_1_186' title='bbox 231 2388 357 2421; x_wconf 85' lang='lat' dir='ltr'>Canon</span> <span class='ocrx_word' id='word_1_187' title='bbox 381 2386 415 2421; x_wconf 79' lang='lat' dir='ltr'>(i.</span> <span class='ocrx_word' id='word_1_188' title='bbox 441 2388 600 2422; x_wconf 84' lang='lat' dir='ltr'>Goncilii</span> <span class='ocrx_word' id='word_1_189' title='bbox 628 2387 769 2421; x_wconf 70' lang='lat' dir='ltr'>Nicaeni</span> <span class='ocrx_word' id='word_1_190' title='bbox 792 2401 801 2422; x_wconf 77' lang='lat' dir='ltr'>z</span> <span class='ocrx_word' id='word_1_191' title='bbox 853 2389 903 2423; x_wconf 72' lang='grc' dir='ltr'>Τὰ</span> <span class='ocrx_word' id='word_1_192' title='bbox 937 2385 1056 2435; x_wconf 64' lang='grc' dir='ltr'><em>ἀρχαῖα</em></span> <span class='ocrx_word' id='word_1_193' title='bbox 1150 2387 1168 2415; x_wconf 84' lang='grc'>2</span> <span class='ocrx_word' id='word_1_194' title='bbox 1192 2385 1413 2430; x_wconf 77' lang='lat' dir='ltr'>Spanhemii</span> <span class='ocrx_word' id='word_1_195' title='bbox 1442 2385 1685 2430; x_wconf 81' lang='lat' dir='ltr'>Geographia</span> <span class='ocrx_word' id='word_1_196' title='bbox 1717 2395 1845 2427; x_wconf 79' lang='lat' dir='ltr'>sacra,</span> <span class='ocrx_word' id='word_1_197' title='bbox 1880 2397 1915 2429; x_wconf 85' lang='lat' dir='ltr'>p.</span> <span class='ocrx_word' id='word_1_198' title='bbox 1947 2385 2026 2420; x_wconf 83' lang='lat'>221.</span> 
     </span>
     <span class='ocr_line' id='line_1_23' title="bbox 227 2453 2025 2504; baseline -0.001 -14"><span class='ocrx_word' id='word_1_199' title='bbox 227 2459 293 2500; x_wconf 66' lang='grc' dir='ltr'>ἔθη</span> <span class='ocrx_word' id='word_1_200' title='bbox 313 2459 482 2502; x_wconf 50' lang='grc' dir='ltr'>κρατείτω,</span> <span class='ocrx_word' id='word_1_201' title='bbox 514 2456 554 2490; x_wconf 71' lang='grc' dir='ltr'>τὰ</span> <span class='ocrx_word' id='word_1_202' title='bbox 577 2459 609 2490; x_wconf 70' lang='grc' dir='ltr'>ἓν</span> <span class='ocrx_word' id='word_1_203' title='bbox 627 2453 787 2501; x_wconf 63' lang='grc' dir='ltr'>3Λιγύῑῑτῳ</span> <span class='ocrx_word' id='word_1_204' title='bbox 805 2458 858 2490; x_wconf 81' lang='grc' dir='ltr'>καὶ</span> <span class='ocrx_word' id='word_1_205' title='bbox 875 2456 985 2504; x_wconf 64' lang='grc' dir='ltr'><em>Λιβύῃ</em></span> <span class='ocrx_word' id='word_1_206' title='bbox 1004 2459 1057 2490; x_wconf 76' lang='grc' dir='ltr'>καὶ</span> <span class='ocrx_word' id='word_1_207' title='bbox 1152 2455 1170 2482; x_wconf 76' lang='grc'>3</span> <span class='ocrx_word' id='word_1_208' title='bbox 1195 2456 1282 2499; x_wconf 73' lang='lat' dir='ltr'>Cap,</span> <span class='ocrx_word' id='word_1_209' title='bbox 1308 2454 1364 2488; x_wconf 74' lang='lat'>30.</span> <span class='ocrx_word' id='word_1_210' title='bbox 1413 2455 1522 2487; x_wconf 77' lang='lat' dir='ltr'>Nunc</span> <span class='ocrx_word' id='word_1_211' title='bbox 1545 2454 1671 2498; x_wconf 76' lang='lat' dir='ltr'>populi</span> <span class='ocrx_word' id='word_1_212' title='bbox 1694 2454 1851 2489; x_wconf 76' lang='lat' dir='ltr'>Romani</span> <span class='ocrx_word' id='word_1_213' title='bbox 1877 2455 2025 2493; x_wconf 68' lang='lat' dir='ltr'>colonia,</span> 
     </span>
     <span class='ocr_line' id='line_1_24' title="bbox 225 2522 1796 2571; baseline 0 -13"><span class='ocrx_word' id='word_1_214' title='bbox 225 2523 437 2567; x_wconf 60' lang='grc' dir='ltr'>ΙῙειντατῑόλε-ι,</span> <span class='ocrx_word' id='word_1_215' title='bbox 464 2522 523 2563; x_wconf 77' lang='grc' dir='ltr'>ὦςε</span> <span class='ocrx_word' id='word_1_216' title='bbox 543 2524 599 2558; x_wconf 76' lang='grc' dir='ltr'>τὸν</span> <span class='ocrx_word' id='word_1_217' title='bbox 617 2528 648 2559; x_wconf 65' lang='lat'>3‘11</span> <span class='ocrx_word' id='word_1_218' title='bbox 657 2523 875 2571; x_wconf 57' lang='grc' dir='ltr'>Ἀλεξανδρείᾳ</span> <span class='ocrx_word' id='word_1_219' title='bbox 886 2528 1058 2560; x_wconf 77' lang='grc' dir='ltr'><strong><em>ἐπίσκοποι·</em></strong></span> <span class='ocrx_word' id='word_1_220' title='bbox 1198 2526 1326 2559; x_wconf 79' lang='lat' dir='ltr'>iterum</span> <span class='ocrx_word' id='word_1_221' title='bbox 1352 2523 1530 2569; x_wconf 74' lang='lat' dir='ltr'>opulenta.</span> <span class='ocrx_word' id='word_1_222' title='bbox 1579 2522 1692 2557; x_wconf 86' lang='lat' dir='ltr'>Mela.</span> <span class='ocrx_word' id='word_1_223' title='bbox 1711 2523 1741 2557; x_wconf 94' lang='grc' dir='ltr'>Ι.</span> <span class='ocrx_word' id='word_1_224' title='bbox 1763 2523 1796 2558; x_wconf 85' lang='grc'>7.</span> 
     </span>
    </p>
   </div>
   <div class='ocr_carea' id='block_1_7' title="bbox 224 2591 851 2637">
    <p class='ocr_par' dir='ltr' id='par_1_7' title="bbox 224 2591 851 2637">
     <span class='ocr_line' id='line_1_25' title="bbox 224 2591 851 2637; baseline 0.002 -10"><span class='ocrx_word' id='word_1_225' title='bbox 224 2593 350 2628; x_wconf 58' lang='grc' dir='ltr'>πάντων</span> <span class='ocrx_word' id='word_1_226' title='bbox 370 2591 495 2628; x_wconf 70' lang='grc' dir='ltr'><em>τούτων</em></span> <span class='ocrx_word' id='word_1_227' title='bbox 515 2596 594 2637; x_wconf 62' lang='grc' dir='ltr'><em>ἔχειν</em></span> <span class='ocrx_word' id='word_1_228' title='bbox 615 2593 674 2637; x_wconf 74' lang='grc' dir='ltr'>τὴν</span> <span class='ocrx_word' id='word_1_229' title='bbox 697 2597 851 2633; x_wconf 68' lang='grc' dir='ltr'><strong>ἐξουσίαν.</strong></span> 
     </span>
    </p>
   </div>
   <div class='ocr_carea' id='block_1_8' title="bbox 1744 2659 1766 2694">
    <p class='ocr_par' dir='ltr' id='par_1_8' title="bbox 1744 2659 1766 2694">
     <span class='ocr_line' id='line_1_26' title="bbox 1744 2659 1766 2694; baseline 0 0"><span class='ocrx_word' id='word_1_230' title='bbox 1744 2659 1766 2694; x_wconf 92' lang='grc'><strong>1</strong></span> 
     </span>
    </p>
   </div>
  </div>
 </body>
</html>
