2341 3340
1150 139 1252 188 114

960 282 1011 342 0
1031 281 1088 340 A
1106 282 1180 341 P.
1241 281 1300 338 X
1318 279 1354 337 I
1373 280 1448 339 X.

1011 381 1407 425 uisolrLlNA.

240 562 278 602 1.
334 534 595 610 Disciplina
620 557 772 597 veteris
801 557 988 597 ecclesiae
1017 569 1158 596 severa
1189 555 1355 607 quidem
1390 558 1500 606 erat,
1549 555 1660 596 haud.
1689 559 1826 596 tamen
1858 555 2006 596 eodem
2040 555 2171 596 ubivis

239 643 426 682 locorum
455 639 619 691 rigore:
657 637 924 677 exercebatur
953 636 1002 675 ab
1031 635 1238 689 Episcopo
1277 649 1357 676 una
1387 649 1482 676 cum
1516 635 1638 676 Clero
1678 639 1801 688 atque
1834 636 1991 688 plebe:
2034 635 2094 677 sic
2127 634 2171 677 in

239 720 386 762 Africa
418 730 594 772 quoque,
627 719 674 757 ut
690 715 882 770 Cypriani
901 715 1073 768 epistola
1100 714 1169 764 57,
1202 719 1244 756 et
1261 715 1604 768 Presbyterorum
1618 717 1897 756 Romanorum
1927 715 2098 768 epistola
2119 713 2172 755 ad

240 799 488 853 Cyprianum
516 793 616 852 (31)
642 799 854 836 testantur.
910 795 1139 836 Remissior
1157 795 1238 834 fuit
1260 795 1489 846 aliquando,
1519 796 1705 848 inprimis
1732 787 2173 848 post‘persecutiones‚

243 892 368 933 quum
400 875 620 917 multitudo
650 876 876 927 lapsorum,
914 875 1264 915 intercedentibus
1293 876 1461 927 insuper
1487 874 1742 928 Martyribus
1773 878 1815 913 et
1846 872 2174 921 Confessori'aus,

239 958 437 1010 majorem
467 955 677 994 lenitatem
708 957 831 1006 atque
871 952 1215 992 missericordiam
1253 954 1580 1003 commendaret,
1621 966 1767 1006 magno
1800 954 1955 1004 ubique
1986 953 2174 992 ecclesiae

240 1027 538 1081 incommodo3
598 1033 703 1073 natis
758 1032 856 1072 inde
911 1031 1229 1072 Novatianorum
1274 1035 1396 1082 atque
1446 1031 1748 1072 Donatistarum
1796 1031 2083 1072 controversiis
2134 1036 2176 1070 et

239 1114 549 1161 schismatibus,
589 1112 854 1165 ipsorumque
899 1110 1244 1152 Montanistarum
1290 1110 1343 1149 de
1379 1110 1457 1150 hac
1499 1111 1668 1151 lenitate
1702 1112 1902 1163 querelis3
1951 1124 2045 1152 nam
2084 1109 2175 1151 Afri

240 1197 400 1235 mature
429 1193 604 1246 priscam
638 1190 920 1240 severitatem,
964 1193 1160 1243 quantum
1196 1184 1362 1241 quidem
1394 1202 1444 1230 ex
1476 1190 1616 1243 paucis
1649 1203 1740 1242 quae
1777 1194 1993 1244 supersunt
2031 1202 2173 1230 monu-

240 1273 389 1314 mentis
419 1273 616 1324 colligere
639 1269 769 1319 licet1‚
802 1283 928 1322 quum
956 1282 1024 1310 res
1045 1273 1198 1323 pacatae
1225 1272 1376 1318 essent,
1405 1273 1634 1323 temperare
1650 1275 1885 1323 coeperunt.
1939 1270 2042 1310 Haec
2065 1269 2176 1315 ideo,

242 1353 375 1393 missis
408 1353 601 1403 reliquis,
656 1352 893 1392 Africanam
931 1350 1148 1391 ecclesiam
1189 1350 1303 1390 haud
1347 1349 1584 1389 immediate
1622 1350 1902 1403 tangentibus,
1948 1361 2031 1390 uno
2068 1349 2179 1390 velut

245 1432 389 1473 obtutu
415 1411 642 1471 lectoribus
672 1445 757 1484 prae
791 1429 918 1470 oculis
950 1442 1162 1482 ponemus.
1187 1421 1189 1425 ’

423 1510 464 1550 2.
523 1510 802 1550 Tertullianus
838 1510 882 1548 in
915 1509 1137 1562 grandibus
1166 1510 1372 1562 peccatis,
1413 1504 1504 1560 quae
1538 1514 1705 1564 septem
1733 1509 1815 1550 sint
1843 1511 2030 1551 maoaloe
2060 1511 2177 1565 capi-

244 1592 403 1634 talium
432 1591 716 1637 delictorum,
750 1590 963 1628 recenset:
1006 1589 1321 1637 idololatriam,
1354 1590 1678 1644 blasphemiam,
1723 1589 2015 1636 homicidium,
2051 1588 2176 1629 adal-

243 1674 418 1720 teriam,
450 1676 672 1725 stuprum,
690 1670 862 1721 salsam
893 1669 1205 1715 testimoniam,
1237 1673 1369 1722 atque
1387 1669 1613 1721 fraudem.
1649 1667 1757 1719 (adv.
1785 1666 1987 1707 Marcion.
2017 1665 2087 1708 IV.
2111 1664 2178 1719 9.)

244 1755 285 1790 et
318 1750 399 1790 alio
437 1750 530 1789 loco
566 1748 637 1798 (de
673 1746 871 1800 pudicitia
902 1758 937 1785 c.
967 1742 1081 1799 12.):
1134 1748 1286 1801 Neque
1315 1747 1584 1789 idololatriae
1613 1761 1751 1803 neque
1786 1740 2002 1802 sanguini
2023 1749 2178 1801 pacem

246 1830 296 1871 ab
327 1831 531 1871 ecclesias
561 1828 701 1876 reddi,
736 1826 860 1866 docet
872 1826 904 1867 2.
960 1825 1027 1866 Ad
1060 1826 1367 1867 Idololatriam
1398 1829 1536 1867 autem
1566 1826 1837 1866 censebantur
1867 1839 2031 1878 quoque
2054 1830 2176 1874 artes,

245 1908 392 1959 quibus
429 1907 540 1947 idola
579 1907 827 1946 caelabantur
860 1909 984 1957 atque
1022 1905 1296 1958 pingebantur
1317 1903 1358 1953 3,
1395 1905 1494 1945 licet
1529 1905 1637 1958 apud
1674 1904 1851 1944 eundem
1881 1904 2177 1946 Tertullianum

292 2056 308 2084 l
347 2058 493 2102 Cyrum
534 2056 738 2103 Agrippini
769 2066 1026 2090 successorem
1068 2054 1194 2089 veteri
1337 2054 1588 2088 misericordiae
1619 2056 1797 2091 illecebris
1835 2056 1946 2091 bonus
1983 2058 2113 2101 pastor
2143 2061 2176 2091 et

342 2126 422 2161 ritu
468 2138 531 2160 eos
586 2126 625 2160 in
675 2125 876 2160 ecclesiam
923 2123 1193 2169 recipientem,
1335 2124 1542 2160 benedictus
1561 2126 1671 2171 Papa
1699 2125 1921 2161 concionaris
1947 2130 2017 2161 etc.

341 2195 407 2240 qui
441 2196 489 2230 ob
527 2195 694 2230 admissa
730 2196 874 2230 scelera
907 2194 1048 2238 abjecti
1072 2194 1194 2231 vitam

343 2265 384 2300 in
427 2277 603 2300 moerore
634 2266 816 2309 luctuque
848 2264 1083 2309 poenitentes
1115 2268 1195 2300 tra·
1288 2240 1309 2270 ²
1339 2241 1398 2277 Ab
1436 2243 1605 2277 ecelesus
1643 2254 1730 2277 cum
1770 2242 2049 2278 M⁰¹¹ta¹¹¹St¹⁰¹³
2094 2243 2177 2280 tum

344 2336 557 2378 duxerant,
600 2347 623 2370 a
651 2334 893 2370 Tertulliano
926 2336 1051 2371 notari
1089 2336 1193 2372 libro
1337 2311 1567 2347 cath⁰li⁶is²
1590 2312 1628 2346 in
1643 2313 1715 2347 hac
1731 2313 1832 2347 enim
1843 2313 1931 2358 lege
1942 2313 2177 2349 ‘'bsefvauda

1335 2381 1534 2427 utriusque
1556 2382 1672 2427 partis
1701 2383 1869 2417 ecclesiae
1898 2386 2175 2425 consenserunt.

1334 2451 1395 2488 cf.
1414 2452 1633 2487 Neandrum
1663 2453 1707 2488 G.
1731 2453 1766 2487 d.
1792 2453 1838 2488 Τ.
1869 2465 1905 2497 Ρ.
1920 2451 2019 2488 263.-

348 2406 394 2440 de
430 2406 590 2450 pudicit.
626 2417 656 2440 c.
689 2403 747 2439 13.
794 2404 928 2439 statuit
971 2405 1193 2443 MorcelluS.

344 2476 394 2510 Et
418 2480 458 2510 tu
482 2476 638 2520 quidem,
675 2474 740 2516 ait,
767 2474 1027 2518 poenitentiam
1057 2475 1196 2511 moecha·

345 2546 396 2580 acl
438 2546 660 2579 exercendam
687 2545 970 2588 fraternitatem
1007 2546 1045 2581 in
1082 2547 1195 2581 eccle-
1289 2544 1308 2573 3
1330 2544 1535 2580 Artificum
1564 2545 1871 2581 Christianorum
1903 2546 2174 2590 excusationes5

345 2617 437 2650 siam
465 2615 639 2649 inducens
672 2640 774 2651 .....
814 2616 1016 2661 prosternis
1049 2617 1086 2651 in
1121 2627 1195 2651 me·
1336 2615 1442 2657 idola,
1483 2627 1563 2650 esse
1595 2615 1734 2658 nihili,
1777 2626 1892 2660 seque
1925 2626 1968 2649 ea
1997 2615 2101 2651 haud
2134 2627 2177 2651 eo

345 2686 442 2720 (lium
456 2690 542 2719 ante
555 2685 696 2726 viduas,
724 2689 811 2719 ante
828 2685 1067 2730 presbyteros,
1079 2710 1194 2722 ......
1339 2685 1495 2721 consilio
1515 2689 1557 2720 ut
1577 2685 1803 2728 adorentur,
1833 2685 1899 2720 sed
1924 2689 1966 2719 ut
1989 2684 2064 2721 alia
2084 2686 2176 2721 artis

346 2757 452 2801 inque
486 2765 566 2789 ezcm
589 2755 741 2790 hominis
770 2756 904 2791 exitum
929 2755 1076 2802 quantis
1091 2761 1195 2801 potes
1337 2766 1474 2802 opera,
1506 2755 1639 2791 caelare
1668 2758 1780 2800 atque
1811 2754 1992 2800 pingere,
2026 2759 2064 2791 et
2096 2767 2177 2800 quae
