2341 3340
983 215 986 218 Δ
1046 167 1142 210 163

141 305 420 358 judicabatur,
462 305 777 357 uniuscujusque
815 315 972 342 causam
1015 303 1166 350 audiri,
1217 304 1286 342 ubi
1322 304 1473 342 crimen
1511 304 1648 343 fuerit·
1677 307 1952 355 commissum,
1995 311 2044 351 ut

145 383 370 435 Cyprianus
408 384 506 423 dicit
541 384 592 422 de
631 395 747 427 causa
781 382 994 420 Fortunati
1031 384 1071 419 et
1101 381 1343 419 Felicissimi
1381 382 1421 419 in
1453 382 1622 432 epistola
1656 384 1706 421 ad
1746 385 2042 432 Cornelium¹73

145 462 315 514 ejusque
337 461 555 500 adversus·
585 459 795 497 Privatum·
824 458 1042 497 decretum
1079 465 1175 496 cum·
1193 458 1362 496 ‘Donato
1399 458 1614 510 Episcopo*
1643 460 1965 513 Carthaginiensi
1999 467 2045 502 ut

102 565 107 570 -
145 538 322 578 Primate
350 540 471 576 totius
490 537 642 575 Africae
675 537 1025 582 communicatum,
1061 550 1083 574 a
1113 548 1189 586 quo
1219 536 1281 573 vel
1307 536 1394 573 solo
1418 536 1481 573 vel
1511 537 1552 574 in
1579 539 2042 587 synodowconfirmatum

144 617 238 656 fuit.
294 616 495 654 Fabianus
534 626 695 665 quoque
723 613 948 665 Episcopus
979 614 1183 652 Romanus
1211 614 1254 652 iu
1282 613 1451 664 epistola
1473 614 1558 665 jam
1590 614 1861 665 deperditam,
1905 617 2041 657 Priva-

142 699 227 734 tum
267 694 521 732 severissime
557 693 720 731 notavit.
793 691 902 729 Idem
942 691 1010 731 hie
1053 691 1236 730 Privatus
1283 695 1489 743 superstes
1531 692 1662 731 adhue
1690 693 1788 740 fuit,
1830 700 2040 746 postquam

144 771 371 823 Cyprianus
418 772 461 809 in
503 771 641 809 sedem
690 770 1074 821 Carthaginiensem.
1109 773 1272 814 evectus
1317 773 1451 817 esset,
1509 769 1875 822 Carthaginemque
1920 773 2039 817 venit.

139 848 316 900 Oportet
341 850 446 887 hanc
481 848 630 886 Privati
655 849 766 886 litem
799 860 822 884 e
852 841 1099 898 gravioribus
1127 847 1282 897 fuisse,
1311 863 1434 901 quum
1461 849 1685 900 Episcopus
1702 848 2041 899 Carthaginiensis

140 925 365 964 Romanum
394 940 441 965 ea
473 926 524 964 de
553 939 599 964 re
630 926 844 964 certiorem
877 925 1012 963 facere
1041 926 1300 966 decrevisset.
1370 928 1642 966 Utrum-vero
1677 930 1800 970 sectae
1836 926 2041 965 haereticae

139 1003 266 1042 fuerit
305 1004 520 1051 conditor,
571 1018 620 1043 an
667 1005 895 1043 schismatis
943 1008 1097 1043 tautum
1138 1010 1314 1053 auctor,
1363 1007 1483 1058 plane
1525 1019 1600 1045 nos
1637 1006 1755 1044 latet:
1817 1005 2041 1056 Cyprianus

140 1082 247 1120 enim
279 1094 479 1130 errorem,
515 1083 557 1121 in
591 1096 709 1133 quem
742 1084 951 1133 prolapsus
985 1083 1047 1129 sit,
1081 1082 1191 1121 haud
1221 1082 1418 1131 declarat,
1445 1084 1519 1123 sed
1549 1085 1764 1123 multorum
1792 1088 1833 1122 et
1862 1084 2039 1135 gravium

135 1158 379 1198 delictorum
403 1173 495 1199 eum
528 1173 641 1199 reum
672 1160 809 1199 habet.
874 1161 964 1199 Hoc
989 1174 1084 1199 vero
1117 1174 1139 1199 e
1167 1162 1313 1201 litteris
1342 1163 1669 1213 presbyterorum
1702 1164 1744 1199 ‘et
1779 1162 2038 1201 diaconorum

136 1236 336 1276 Ecclesiae
351 1238 544 1277 Romanae
576 1239 625 1276 ad
647 1239 892 1290 Cyprianum
922 1245 1087 1277 vacante
1113 1239 1211 1277 sede
1236 1244 1328 1289 post
1354 1245 1524 1278 mortem
1543 1240 1709 1277 Fabiani
1734 1239 1834 1276 datis
1863 1244 2038 1289 apparet,

137 1327 230 1354 eum
258 1315 431 1354 Romam
462 1329 510 1355 eo
545 1317 711 1354 consilio
744 1318 922 1362 venisse,
975 1321 1017 1353 ut
1051 1317 1204 1354 litteras
1234 1318 1608 1355 communicatorias
1641 1318 1895 1368 impetraret,
1941 1329 2038 1368 quas

136 1397 270 1432 tamen
287 1393 393 1432 haud
418 1395 603 1433 obtinuit.
659 1393 835 1432 Posthac
856 1395 903 1432 ab
925 1394 1095 1433 eeclesia
1112 1394 1300 1433 Africana
1321 1395 1439 1445 plane
1462 1396 1692 1443 secessisse,
1717 1399 1758 1433 et
1774 1396 2038 1434 Fortunarum

136 1475 258 1522 atque
297 1468 478 1511 Felice'm
518 1473 731 1523 episcopos
773 1473 816 1511 iu
851 1472 990 1511 Africa
1026 1471 1233 1511 ordinasse
1263 1474 1422 1524 legitur.
1493 1474 1660 1521 Annus,
1705 1486 1783 1524 quo
1822 1474 2038 1513 concilium

135 1548 325 1588 adversus
358 1563 449 1588 eum
478 1564 500 1589 a
528 1551 583 1588 94)
617 1549 1030 1602 episeopisffhabitum
1059 1550 1151 1598 fuit,
1180 1551 1358 1590 incertus
1390 1555 1475 1599 est3
1514 1552 1762 1590 celebratum
1788 1564 1883 1590 vero
1912 1552 1990 1590 fuit
2014 1565 2038 1591 a

135 1626 322 1666 Fabiano,
345 1628 547 1679 Episcopo
573 1627 783 1675 Romano,
815 1629 896 1678 qui,
914 1628 1019 1666 hanc
1052 1628 1284 1670 cathedram
1313 1630 1444 1668 tenuit
1472 1631 1578 1676 inter
1607 1642 1731 1668 annos
1760 1629 1841 1668 236
1872 1635 1913 1669 et
1941 1629 2037 1677 251,

136 1709 197 1753 et,
237 1706 330 1756 quia
368 1705 551 1743 Privatus
595 1705 744 1743 dicitur
774 1698 1164 1754 vetushaereticus,
1205 1707 1248 1744 in
1285 1698 1429 1758 primis*
1458 1708 1626 1746 Fabiani
1657 1709 1782 1745 aunis.
1853 1707 1888 1746 A
1919 1709 2035 1746 Biuio

135 1783 300 1835 ponitur
326 1796 429 1821 anno
461 1782 556 1830 242,
586 1796 608 1821 a
628 1781 813 1820 Walchio
848 1786 890 1821 et
921 1772 1127 1822 Morcello
1149 1797 1252 1822 auno
1281 1784 1377 1832 240,
1418 1786 1486 1835 qui
1518 1785 1726 1824 Labbeum
1756 1791 1978 1843 sequuntur
1988 1785 2036 1824 19.

134 1861 272 1911 Quum
297 1865 431 1899 autem
464 1860 687 1911 Cypiianus
711 1855 845 1913 aliqua
871 1860 992 1898 addat
1024 1860 1075 1898 de
1104 1845 1277 1912 collegio
1308 1853 1615 1931 episcoporum,
1648 1863 1697 1901 ad
1724 1863 1832 1913 quod
1853 1864 2036 1903 Privatus

128 1928 233 1978 ‘alios
262 1951 422 1977 suarum
452 1938 625 1989 partium
654 1936 923 1985 adsumserit,
969 1927 1177 1989 probabile
1208 1943 1292 1987 est,
1334 1952 1426 1978 eum
1444 1933 1594 1992 ipsum
1634 1937 1761 1980 fuisse
1799 1932 2036 1998 episcopum

135 2015 428 2055 Lambesitanae
457 2016 589 2054 urbis:
627 2028 704 2066 qua
729 2016 890 2067 quidem
909 2013 1196 2055 Schelstiatius
1227 2018 1459 2070 conjectura
1482 2023 1665 2057 movetur
1689 2020 1737 2058 ad
1765 2011 2036 2068 statuendum,

134 2093 306 2145 primum
338 2093 501 2144 quidem
540 2080 639 2131 sede
668 2098 820 2132 motum
848 2094 976 2133 fuisse
1006 2108 1027 2133 a
1057 2079 1228 2133 concilio
1240 2096 1475 2148 provinciae
1505 2096 1708 2161 Numidiae
1738 2095 2034 2155 Lamhesitano,

135 2170 284 2210 deinde
321 2184 481 2222 quoqne
518 2171 748 2209 damnatum
784 2171 826 2209 iu
860 2171 1011 2210 Asticae
1047 2158 1351 2211 Proconsularis
1390 2161 1572 2233 syuod03
1618 2162 1734 2224 quam
1764 2176 1897 2226 potius
1928 2175 2035 2215 Con-

134 2242 270 2288 cilium
306 2248 431 2287 fnisse
465 2249 592 2287 totius
636 2247 789 2287 Africae
834 2249 1078 2301 Carthagine
1111 2264 1133 2290 a
1172 2249 1349 2290 Piimate
1392 2252 1548 2291 Donato
1587 2252 1772 2292 habitum
1813 2254 2034 2292 statuerim.

133 2326 188 2365 Et
215 2327 250 2365 si
278 2327 336 2365 sic
367 2338 432 2365 res
462 2338 552 2365 sese
578 2325 725 2373 habet,
754 2319 913 2366 facilius
941 2327 1211 2381 intelligetur,
1246 2330 1314 2380 qui
1343 2331 1550 2388 negotium
1571 2332 1679 2384 *tanti
1707 2332 1913 2379 momenti,
1943 2336 2034 2388 post

178 2480 215 2508 1⁷
238 2481 355 2525 Epist.
382 2480 439 2515 5⁰.
731 2484 736 2491 ’
889 2487 891 2489 ’
1199 2484 1430 2530 Episcopus,
1454 2488 1561 2528 cujus
1590 2486 1730 2531 scripta
1756 2492 1903 2524 aetatem
1934 2491 2031 2524 tule-

179 2563 214 2591 18
234 2563 399 2597 walchii
415 2563 584 2597 Historia
602 2565 668 2598 der
686 2565 825 2599 Pabste
850 2578 884 2610 p.
898 2565 955 2600 50.
996 2566 1059 2600 In-
1200 2557 1300 2588 runt·

224 2632 330 2666 teriit
361 2630 507 2676 quoque
528 2632 666 2666 Donati
697 2633 867 2677 epistola.
922 2634 1060 2679 Cypri-
1153 2634 1188 2663 19
1218 2636 1385 2672 Walcffii
1415 2636 1587 2672 Historie
1623 2639 1690 2674 der
1716 2640 1949 2688 Ketz‘ereyen
1979 2643 2028 2678 11.

226 2711 317 2736 anus
338 2700 458 2747 igitur
478 2699 625 2744 primus
658 2705 715 2736 est
738 2703 1059 2748 Carthaginiensis
1200 2717 1236 2750 p.
1260 2705 1341 2741 181.
