2341 3340
992 152 1052 196 71

338 291 430 331 Nec
458 302 546 329 non
575 293 619 328 et
648 287 818 327 inducis
846 289 971 328 malis
1000 289 1285 329 medicamina
1304 294 1457 343 salsa,-

340 371 394 409 In
427 370 558 408 oculis
583 366 714 419 paris
749 365 923 405 stibium
954 380 1165 420 perverso
1195 368 1372 417 deeore;

337 448 424 487 Sea
454 446 595 484 crines
626 444 783 495 tingis,
821 449 870 483 nt
900 445 991 485 sint
1023 451 1114 485 toto
1148 451 1341 500 tempore
1366 452 1509 503 nigri.

249 525 316 564 Nil
345 524 468 574 igitur
495 522 657 567 mirum,
682 521 716 559 si
735 521 777 559 in
799 521 1032 573 hujusmodi
1055 525 1247 563 matronis
1270 526 1460 576 pietatem
1481 511 1752 572 Christianam
1777 518 1979 587 languisse

73 616 222 655 easque
253 603 295 641 in
325 600 473 640 officiis
504 612 593 650 quae
620 600 718 650 ipsis
749 600 1037 639 incumbebant
1071 604 1319 653 exequendis
1351 606 1605 647 remissiores
1633 609 1760 650 fuisse
1787 613 1979 666 legamus.

77 682 214 728 Vobis,
251 679 382 729 inquit
409 678 685 716 Tertullianus
718 679 789 729 (de
820 680 929 718 cultu
957 680 1055 719 fem.
1089 694 1124 720 c.
1148 678 1258 734 11.)‚
1292 685 1413 723 nulla
1439 687 1710 738 procedendi
1734 704 1861 731 cansa
1889 707 1978 734 non

71 760 249 800 tetrica:
291 763 368 798 aut
392 758 611 797 imbecillis
635 759 787 811 aliquis
811 772 864 797 ea:
875 759 1098 810 fratribus
1120 762 1378 809 visitandas,
1410 767 1488 803 aut
1504 767 1760 819 sacrificium
1778 770 1976 822 offertur,

69 843 146 878 aut
176 839 264 878 Dei
291 837 462 876 verbam
491 836 832 876 administratur
855 866 1004 878 ......
1059 839 1125 878 Ac
1152 840 1194 878 si
1219 842 1454 881 necessitas
1484 844 1778 885 amicitiarum
1815 849 1976 900 officio—

15 903 18 907 ’
68 930 241 969 rumque
263 916 491 968 gentilium
518 926 590 953 vos
619 919 758 961 vocat,
790 928 866 955 cm·
893 930 982 955 non
1015 919 1172 956 vestris
1200 919 1335 957 armis
1358 919 1527 960 indatoe
1546 923 1816 974 proceditis?
1848 929 1974 965 tanto

71 995 222 1046 magis,
243 1000 402 1047 quanto
421 992 480 1032 ad
497 997 733 1032 extraneas
738 995 854 1048 fidei
858 1009 874 1040 ;
905 1000 953 1034 at
968 997 1026 1034 sit
1041 997 1158 1035 inter
1170 997 1355 1036 ancillas
1364 998 1542 1038 Diaboli
1556 1006 1600 1040 et
1610 1002 1697 1040 Dei
1713 1002 1977 1044 discrimeffl.

69 1071 226 1110 Eodem
250 1055 369 1110 sensu
392 1073 580 1124 feminee
608 1072 786 1111 sordere
820 1071 919 1111 dicit
946 1075 1179 1120 ecclesiam,
1224 1077 1439 1125 postquam
1467 1080 1648 1117 matrona
1678 1084 1787 1119 esset
1814 1080 1977 1121 factam.

242 1149 443 1188 Universe
483 1153 617 1188 autem
653 1150 695 1187 in
733 1150 921 1189 diuturna
955 1152 1140 1190 ecclesiae
1179 1165 1278 1204 pace
1322 1166 1457 1192 mores
1496 1154 1625 1194 fuisse
1659 1159 1859 1199 relaxatos
1895 1174 1976 1201 uon

66 1232 129 1269 est
158 1227 266 1279 quod
300 1229 504 1267 miremur.
569 1228 677 1266 I-Iinc
708 1227 816 1266 forte
850 1229 1086 1279 explicanda
1114 1233 1209 1268 sunt
1246 1230 1368 1268 verba
1397 1233 1530 1283 augeli
1558 1233 1601 1272 in
1624 1234 1737 1274 Actis
1760 1236 1978 1289 Perpetuae

68 1311 109 1347 et
137 1308 385 1347 Felicitatis:
445 1308 627 1359 Cori-ige
657 1307 822 1360 plebem
861 1311 1011 1353 taam,
1054 1309 1153 1360 qaia
1196 1309 1259 1351 sic
1299 1308 1359 1347 ad
1394 1315 1438 1349 te
1479 1314 1743 1355 conveniant
1774 1319 1899 1369 qnasi
1924 1318 1978 1357 de

67 1388 179 1426 circo
211 1386 445 1426 redeuntes
468 1393 512 1426 et
536 1386 590 1424 de·
600 1385 871 1436 factionibus
898 1386 1190 1440 disputantes,
1225 1397 1315 1436 quae
1342 1385 1491 1438 Optato
1512 1388 1625 1429 dicta·
1640 1404 1737 1430 ’esse
1753 1393 1979 1434 Morcellus

66 1465 267 1505 existimat
289 1464 349 1511 113
408 1464 599 1515 equidem
655 1476 752 1503 vero
808 1463 1054 1503 crediderim
1105 1464 1241 1516 potius
1286 1464 1393 1515 Cyro
1446 1467 1511 1505 vel
1561 1468 1695 1508 adhuc
1744 1471 1977 1525 Agrippino.

62 1542 219 1581 Eadem
252 1555 412 1593 quoque
449 1546 567 1581 aetate
606 1541 901 1582 catechumeni
943 1544 1051 1582 vitiis
1098 1544 1180 1583 suis
1220 1545 1352 1584 adhuc
1394 1545 1612 1585 indulsisse
1650 1549 1857 1599 videntur,
1904 1564 1976 1603 spe

64 1620 188 1668 freti,
225 1621 316 1658 fore
352 1624 398 1659 ut
425 1621 650 1672 baptismo,
691 1635 812 1673 quem
851 1635 899 1661 ea
937 1621 988 1660 de
1020 1634 1139 1662 causa
1172 1624 1550 1674 procrastinabant,
1595 1627 1644 1664 ab
1682 1617 1790 1667 omni
1820 1630 1978 1680 peccati

65 1699 158 1737 labe
187 1699 381 1749 culpaque
413 1699 611 1749 purgandi
639 1700 923 1750 eximendique
953 1704 1109 1748 essent,
1148 1713 1248 1751 quos
1273 1702 1446 1752 graviter
1477 1702 1751 1744 Tertullianus
1780 1707 1981 1758 vituperat

65 1779 108 1815 et
135 1776 289 1815 refellit
315 1776 419 1814 libro
454 1776 505 1814 de
541 1777 792 1826 poenitentia
825 1790 860 1815 c.
883 1776 981 1817 6.12.

227 1839 324 1892 ⁵Ista
352 1856 485 1890 autem
519 1841 672 1899 omnia,
723 1842 774 1891 de
807 1855 952 1904 quibus
981 1842 1194 1903 vdiximus,
1235 1856 1405 1895 luxuriae
1444 1859 1540 1899 vitia
1572 1872 1695 1911 quum
1731 1860 1976 1914 Carthagine

64 1935 200 1972 essent
235 1931 468 1978 domestica,
500 1930 620 1970 facile
649 1931 909 1983 intelligitur,
944 1933 1014 1984 qui
1042 1934 1134 1972 fieri
1162 1937 1354 1986 potuerit,
1393 1940 1439 1975 ut
1469 1923 1703 1987 Christiani,
1743 1943 1804 1979 tot
1834 1953 1978 1981 neces-

63 2010 304 2050 situdinibus
333 2022 424 2048 cum
455 2011 672 2061 gentilibus
704 2011 922 2062 conjuncti,
955 2012 1004 2050 ab
1037 2012 1086 2051 iis
1110 2013 1221 2052 haud
1253 2015 1309 2053 ita
1339 2028 1431 2054 raro
1465 2029 1554 2055 sese
1581 2018 1846 2057 contaminari
1871 2020 1978 2070 passi

63 2088 233 2137 fuerint3
268 2089 376 2127 unde
405 2083 566 2139 'quoque
598 2089 763 2137 factum,
795 2094 840 2129 ut
868 2090 1007 2129 afestis
1026 2091 1247 2131 Gentilium
1278 2094 1544 2142 celebrandis,
1573 2108 1658 2134 v.·c.
1684 2095 1975 2146 Saturnalibus,

63 2167 283 2214 Januariis,
324 2168 601 2215 Brumalibus,
639 2168 933 2207 Matronalibus
969 2182 1013 2206 se
1041 2170 1151 2208 haud
1179 2172 1297 2221 plane
1327 2171 1633 2211 abstinerent13.
1692 2173 1977 2223 Huc-accedit,

111 2305 128 2332 9
154 2305 211 2338 Cf.
234 2316 380 2350 quoquc
399 2307 563 2340 Neandri
591 2306 716 2340 kleine
739 2306 933 2341 Schriften
960 2308 989 2342 I.
1064 2307 1099 2334 13
1131 2309 1294 2342 Tertull.
1333 2310 1378 2343 dc
1419 2311 1640 2345 Idololatria
1679 2324 1708 2346 c.
1747 2312 1802 2346 14.
1863 2309 1976 2348 Nobis

157 2387 190 2419 Ι).
215 2374 270 2408 43.
1134 2379 1274 2422 quidem
1298 2380 1453 2413 subbata
1481 2386 1656 2415 extranea
1684 2386 1787 2423 sunt,
1826 2387 1861 2416 et
1891 2394 1974 2417 neo-

90 2465 125 2493 10
152 2466 210 2500 Ad
238 2478 343 2501 uxor.
368 2467 418 2501 Π.
449 2480 478 2502 c·
499 2468 532 2503 8.
1132 2449 1256 2481 meniae
1275 2453 1310 2482 et
1324 2450 1432 2492 ferz'ae
1456 2462 1479 2484 a
1503 2452 1574 2485 Deo
1598 2452 1793 2496 aliquando
1812 2452 1974 2493 cle’lectae5

580 2512 584 2516 ’
1132 2518 1349 2551 Saturnalia
1386 2524 1421 2553 et
1451 2521 1634 2554 Januaria
1678 2525 1714 2554 et
1750 2522 1893 2554 Brumae
1937 2525 1972 2555 ct

89 2558 123 2586 n
150 2559 282 2593 Africa
307 2559 523 2594 Christiana
550 2560 599 2594 Π·
623 2573 657 2605 P·
678 2562 734 2597 54·
1136 2587 1365 2620 Matronales
1381 2590 1680 2632 frequentantur,
1705 2601 1855 2623 munera
1881 2601 1973 2623 com-

94 2651 129 2680 12
153 2652 326 2686 Neander
355 2653 398 2687 G.
427 2653 459 2685 (l.
484 2652 528 2686 T.
558 2664 592 2697 p.
619 2653 698 2687 215.
742 2654 809 2698 Ep.
843 2655 994 2689 Lincol-
1135 2660 1279 2696 meant,
1315 2661 1445 2690 strenoe
1481 2663 1697 2699 consonant,
1735 2660 1856 2700 lusus,
1891 2671 1973 2693 con-

158 2721 280 2754 uensis
299 2721 579 2756 Ecclesiastical
608 2722 759 2766 history
785 2735 819 2767 p.
848 2724 926 2759 248.
1134 2726 1230 2758 vivia
1253 2730 1521 2770 constrepunt..
1539 2753 1565 2761 ..
1580 2753 1588 2761 .
1634 2727 1731 2768 Nos,
1761 2740 1805 2761 nc
1829 2729 1976 2762 Ethniei
