2341 3340
1213 150 1279 196 52

290 300 542 351 agnoverunt
580 291 876 335 auctoritatem.
923 293 1113 335 .'1¹estem
1145 292 1344 334 habemus
1372 290 1684 332 Tertullianum.
1753 290 1949 346 Magnam
1979 293 2015 333 iu
2047 291 2214 346 quidem

289 376 490 417 Ecclesiis
509 375 757 428 Apostolicis
779 374 926 414 tribuit
953 371 1274 414 auctoritatem&
1288 372 1595 424 Romanamque
1615 372 1751 424 magni
1771 371 1884 421 facit,
1914 371 1967 413 de
1989 383 2071 424 qua
2091 372 2213 413 dicit:

293 452 424 498 Unda
434 456 559 497 'nobis
589 450 839 511 (Africanis)
868 467 1028 509 qaoque
1055 454 1301 494 auctoritas
1325 456 1491 506 proe‘sto
1516 430 1595 499 est,
1627 453 1672 490 et
1697 451 1867 492 felicem
1886 464 1976 492 eam
2001 451 2215 504 praedicat,

289 538 361 577 cai
390 540 531 577 totam
577 535 824 575 doctrinam
858 534 1064 588 Apostoli
1103 546 1182 573 suo
1219 533 1436 585 sanguine
1470 531 1774 585 profuderant
1792 531 1822 570 ⁹.
1891 531 2063 571 Petrum
2104 530 2215 584 enim

288 619 411 667 atque
434 614 606 654 Paulum
631 612 857 653 Romanam
884 611 1117 651 Ecclesiam
1143 610 1351 659 fundasse,
1385 611 1505 661 eique
1540 610 1791 663 Episcopum
1818 610 2081 664 praefecisse,
2120 620 2216 648 cum
2233 639 2242 645 .

289 692 485 734 Irenaeow
497 692 700 742 concedit,
716 694 978 749 Petramque
989 691 1263 746 oedzflcandoe
1287 692 1479 732 ecclesiae
1492 703 1691 732 PETRAM
1709 690 1888 739 dictum,
1915 692 2069 732 claves
2085 689 2219 743 regni

291 775 511 815 coelorum
547 777 849 820 consecutum,
887 777 932 813 et
959 771 1160 812 solvendi
1188 776 1233 811 et
1266 771 1489 824 alligandi
1520 771 1567 810 in
1602 769 1732 809 coelis
1772 775 1818 810 et
1847 771 1896 809 in
1926 768 2216 823 terri-spoia·-¹

288 860 448 895 statem
478 850 652 906 (Matth.
666 850 777 893 XVI.
807 851 875 890 18.
904 847 994 903 19.)
1024 850 1168 892 asserit
1180 848 1238 888 11:
1279 850 1323 889 in
1354 850 1501 900 quibus
1529 848 1696 901 quidem
1721 847 1858 888 verbis
1885 848 2009 887 notio·
2030 847 2217 899 quaedam

288 933 455 973 unitatis
486 931 673 971 ecclesiae
709 929 930 970 cathedrae
963 928 1079 968 Petri
1109 931 1400 980 superstructae
1439 927 1694 980 procedente
1732 930 1920 980 tempore
1955 925 2068 967 haud
2106 925 2218 965 diffiss

289 1012 421 1053 culter
448 1010 624 1050 inveniri
654 1009 811 1062 potuit3
861 1009 906 1047 in
942 1008 1048 1046 libro
1083 1010 1222 1046 tamen
1260 1006 1312 1045 de
1347 1006 1546 1059 pudicitia
1586 1019 1622 1045 c.
1650 1006 1718 1045 21.
1761 1004 1877 1045 Petri
1908 1004 2215 1059 praerogativam

288 1091 368 1144 ipsi
396 1090 484 1142 ejus
521 1101 730 1142 personae,
775 1091 968 1138 tanquam
1007 1088 1174 1127 homini
1206 1088 1425 1140 spiritali,
1468 1085 1750 1125 tantummodo
1790 1085 2012 1125 adhaesisse
2033 1114 2045 1134 ,
2093 1083 2218 1124 verba

287 1169 453 1210 Domini
481 1168 534 1208 de
559 1168 760 1215 omnibus,
790 1167 860 1218 qui
887 1167 1114 1220 spiritales
1136 1169 1285 1214 essent,
1317 1166 1427 1205 dicta
1440 1165 1594 1213 statuit,
1625 1159 1816 1204 accurate¹
1828 1165 2082 1217 distinguens
2107 1164 2219 1202 inter-

288 1247 517 1288 doctrinam
551 1249 595 1287 et
625 1248 872 1299 potestatem
898 1243 1243 1296 Apostolorum12.
1307 1245 1397 1284 Nec
1426 1245 1504 1284 alia
1532 1244 1576 1283 in
1608 1244 1730 1284 libro'
1756 1245 1809 1283 de
1840 1239 2217 1297 praescriptionibus

287 1327 503 1381 praecipit:
552 1338 730 1378 namque
764 1337 815 1364 ex
847 1325 935 1378 ejus
967 1324 1171 1363 sententia
1196 1336 1347 1362 <onmes
1386 1323 1574 1362 ecclesiae
1591 1351 1604 1371 ,
1656 1324 1976 1363 conservatrices
2006 1323 2216 1363 -doctrinae

287 1406 514 1459 primariae,
545 1418 665 1458 quam
693 1405 744 1445 ab
774 1403 1009 1457 apostolicis
1037 1404 1119 1443 illis
1148 1403 1347 1451 eeclesiis,
1379 1403 1634 1443 matricibus
1663 1410 1705 1443 et
1736 1404 2039 1456 originalibus,
2074 1406 2120 1442 ut
2148 1404 2216 1452 ait,

276 1487 416 1540 fidei,
459 1487 723 1538 acceperant,
763 1497 886 1523 unam
923 1496 1015 1523 cum
1051 1482 1198 1523 iisdem
1240 1483 1356 1522 hisce
1395 1482 1658 1535 apostolicam
1693 1482 1948 1521 constituunt
1989 1483 2217 1522 ecclesiam.

288 1566 445 1619 Itaque
490 1569 556 1605 tot
598 1570 644 1605 et
687 1567 860 1612 tantae,
905 1564 1058 1613 inquit,
1104 1564 1298 1603 ecclesiae
1345 1576 1435 1602 una
1486 1568 1552 1602 est
1595 1563 1674 1602 illa
1708 1562 1759 1602 ab
1792 1563 2017 1616 Apostolis
2046 1563 2214 1616 prima,

289 1659 344 1684 ea·
384 1658 468 1698 qua
512 1658 661 1685 omnes
679 1643 727 1682 13.
812 1642 1021 1682 Unitatem
1072 1642 1197 1694 igitur
1248 1643 1291 1681 in
1332 1653 1535 1681 consensu
1578 1640 1711 1689 fidei,
1763 1640 1943 1692 ideoque
1993 1642 2217 1681 ecclesiam

291 1738 405 1772 esse,
453 1725 527 1765 ubi
564 1729 676 1770 tres,
729 1725 832 1764 licet
866 1723 972 1763 laici
988 1719 1044 1769 14,
1101 1735 1181 1761 nec
1221 1735 1314 1761 esse
1353 1734 1579 1762 numerum
1616 1721 1938 1774 Epi-scaporum
1952 1718 2018 1767 15,
2066 1719 2233 1769 docet,

289 1803 401 1842 nulla
430 1802 628 1855 Episcopi
661 1802 866 1850 Romani,
909 1814 1031 1852 quem
1061 1804 1262 1852 praeterea
1292 1800 1384 1839 libr.
1420 1799 1509 1839 adv.
1532 1798 1730 1838 Praxeam
1765 1811 1801 1838 c.
1831 1799 1870 1837 1.
1899 1800 2049 1838 acriter
2077 1800 2218 1850 carpit,

288 1881 398 1920 facta
431 1882 654 1920 mentione.
711 1879 776 1919 Ne
807 1893 905 1919 vero
935 1880 979 1918 in
1007 1879 1123 1917 illum
1155 1890 1339 1917 errorem
1367 1877 1615 1925 incidamus,
1649 1877 1783 1915 omnia
1813 1877 1956 1916 haecce
1986 1878 2095 1917 dicta
2125 1890 2217 1918 esse

289 1974 312 2000 a
341 1959 595 2000 Tertulliano
625 1960 876 2000 Montanista
905 1959 993 2011 jam
1022 1958 1153 2006 facto,
1194 1969 1322 2009 eaque
1356 1956 1408 1995 de
1437 1968 1557 1995 causa
1589 1955 1789 1994 Ecclesiae
1818 1955 2015 1995 Romanae
2039 1957 2217 2007 insenso,

289 2040 343 2080 de
373 2039 568 2092 Cypriani
598 2040 801 2080 sententia
832 2038 1054 2077 videamus.
1114 2036 1284 2076 Constat
1318 2037 1427 2075 enim
1457 2036 1566 2074 inter
1604 2048 1745 2074 omnes
1776 2035 1973 2074 Historiae
2010 2035 2218 2078 Ecclesia-

289 2121 404 2160 sticae
435 2120 603 2172 peritos,
644 2132 762 2171 quam
788 2121 954 2158 strenue
983 2117 1053 2156 hic
1075 2116 1274 2155 Ecclesiae
1307 2114 1668 2167 Carthaginiensis,
1700 2115 1825 2154 immo
1860 2115 1985 2155 totius
2010 2115 2216 2157 Africanae

289 2200 486 2249 antistes,
528 2199 711 2252 quamvis
750 2198 948 2238 unitatem
987 2195 1175 2237 ecclesiae
1212 2199 1422 2236 externam
1470 2208 1592 2247 quam
1638 2195 1814 2234 maxime
1850 2196 2050 2247 urgeret,
2092 2198 2134 2235 et
2171 2197 2217 2237 in

335 2358 354 2385 8
377 2344 608 2403 De⁴praescn
636 2368 667 2390 c.
694 2355 752 2390 20.
770 2354 829 2389 32.
1299 2352 1335 2380 13
1358 2352 1415 2386 De
1433 2361 1582 2395 praescr.
1604 2361 1634 2384 c.
1655 2348 1712 2383 20.
1773 2359 1781 2367 ⁸

336 2442 353 2470 9
377 2441 478 2476 Ibid.
503 2453 534 2476 c·
555 2441 615 2476 36-
1297 2451 1334 2480 14
1358 2452 1414 2486 De
1437 2451 1584 2485 exhort.
1617 2449 1777 2485 castitat.
1811 2462 1841 2485 c.
1864 2450 1899 2485 7.

320 2525 354 2554 1⁰
378 2526 475 2563 Adv'
510 2527 654 2561 Haeres'
679 2525 750 2561 III*
777 2537 807 2560 θ’
829 2524 864 2559 3'
1299 2553 1335 2581 15
1356 2555 1413 2588 De
1432 2551 1620 2598 pudicitia
1646 2563 1676 2587 c.
1700 2551 1757 2586 21.
1792 2551 1857 2586 Sic
1877 2563 2026 2597 quoque
2048 2552 2094 2587 de
2116 2553 2212 2600 fuga

315 2610 345 2638 Π
371 2611 469 2646 Ibid·
497 2624 526 2646 ⁰·
549 2612 606 2646 ⁴22·
1368 2636 1398 2657 c.
1425 2624 1481 2658 14.
1507 2635 1578 2657 non
1594 2626 1698 2667 potes
1723 2622 1923 2657 discurrere
1941 2634 2010 2667 per
2032 2624 2210 2670 singulos,

316 2696 350 2725 12
373 2697 430 2731 De
457 2697 643 2742 pudicitia
665 2710 694 2732 c.
716 2697 772 2733 21.
799 2698 848 2732 cf.
871 2694 1037 2732 Mandri
1061 2696 1105 2730 G.
1121 2695 1154 2729 d.
1179 2693 1223 2728 T.
1368 2694 1414 2728 sit
1439 2694 1506 2729 tibi
1528 2699 1563 2730 ct
1584 2695 1622 2729 in
1644 2694 1759 2730 tribus
1779 2692 1940 2728 ccclesia.

385 2778 420 2811 p.
444 2766 524 2801 338.
542 2761 544 2763 .

2309 2546 2326 2553 κ
