2341 3340
1188 106 1289 153 260

443 259 557 294 quam
569 247 603 283 ei
614 248 678 293 qui
701 259 722 283 a
739 247 838 283 luico
859 250 956 283 esset
978 252 1164 293 peractus.
1211 249 1261 284 Et
1281 248 1318 284 in
1337 249 1405 284 lite
1425 249 1470 303 tle
1489 250 1678 295 baptismo
1698 251 1965 287 haereticorum
1976 253 2201 299 Cyprianus,

443 318 691 353 Firmilianus
707 331 915 363 eorumque
929 319 1082 366 collegae
1096 320 1197 354 hune
1210 320 1318 364 plane
1329 308 1554 363 rejiciebant
1565 322 1872 366 statuebantque:
1890 335 1960 357 non
1973 324 2045 358 alio
2056 335 2202 360 numero

448 400 524 424 esse
550 389 753 423 habendum
780 401 887 433 quam
913 391 974 435 qui
1002 395 1093 424 esset
1115 395 1282 434 acceptus
1303 391 1347 424 de
1371 402 1483 424 manu
1512 391 1621 434 laici,
1659 393 1816 437 adeoque
1850 393 1976 428 debere
2004 394 2205 440 expurgari

447 471 530 494 vero
552 459 708 493 ecclesiae
738 459 964 503 baptismate.
1012 461 1120 495 Idem
1150 461 1223 494 hoc
1253 461 1371 494 habet
1393 461 1711 507 Basilii-epistola
1738 462 1876 497 Canon.
1898 462 1931 496 1.
1951 474 2031 498 can.
2052 463 2086 499 1.
2142 464 2202 500 Cf.

449 527 595 563 Ludov.
616 530 722 564 Petri
742 530 929 578 Suringar
950 532 1200 567 Commentat.
1224 530 1469 567 exhibentem
1493 532 1798 567 Christianorum
1819 544 1838 566 e
1861 532 1984 568 tribus
2005 536 2089 578 post
2106 533 2146 568 C.
2159 532 2203 570 N.

451 598 642 642 prioribus
673 601 818 635 saeculis
849 601 1052 635 sententias
1084 602 1129 634 de
1147 601 1184 635 S.
1203 600 1412 644 BaptismO.
1462 601 1810 649 Groeningae11826.
1836 615 1871 647 p.
1890 602 1947 636 21.
1968 602 2026 638 22.

288 666 381 714 Pag.
391 667 607 704 105.-1in.12.
629 670 683 704 Ad
690 672 735 704 de
749 675 887 705 notam.
902 671 1085 715 Sunt‚·qui
1094 674 1279 712 statuunt,
1289 670 1422 713 ritum,
1433 682 1546 716 quem
1555 672 1745 715 hodieque
1756 675 1882 711 servat
1895 672 2052 710 ecclesia
2063 672 2206 716 Graeca,

450 750 586 784 panem
604 739 643 774 in
660 741 794 774 vinum
818 741 1045 787 intingendi,
1071 740 1195 786 prisco
1217 740 1297 783 jam
1319 744 1488 785 tempore
1514 741 1553 775 in
1576 729 1734 775 ecclesia
1755 741 1939 782 ,Africana
1959 742 2164 777 invaluisse
2176 743 2206 787 1,

451 819 496 843 eo
516 810 685 850 consilio,
709 813 751 843 ut
774 814 980 853 utrumque
1004 811 1236 844 elementum
1261 810 1472 845 infantibus
1495 822 1569 846 una
1590 811 1872 856 porrigeretur-3
1891 822 1978 846 nam
2001 812 2047 846 de
2067 812 2207 848 adultis

450 877 554 912 idem
574 878 648 911 hoc
667 879 858 912 statuendi
879 879 985 912 nulla
1012 882 1068 912 est
1097 880 1207 913 ratio.
1263 879 1481 917 Provocant'
1497 881 1599 915 enim
1619 881 1662 915 hi
1681 882 1727 915 ad
1749 881 2007 915 narrationem
2026 882 2208 927 cypriani

433 946 499 986 ⁴(le
516 948 676 992 parvula
696 948 800 989 filia„
825 947 886 982 cui
906 948 1006 992 apud
1027 947 1173 981 idolum
1193 946 1299 992 panis
1332 959 1438 982 mero
1469 950 1610 983 mixtus
1643 951 1750 984 datus
1779 951 1918 993 fuerit,
1951 956 1987 986 et
2015 952 2078 987 cui
2106 956 2209 998 post·

451 1017 587 1060 modo,
616 1018 820 1051 reluctanti
841 1017 951 1060 licet,
979 1017 1224 1052 diaconus‘de
1253 1023 1488 1052 sacramento
1519 1018 1646 1052 calicis
1677 1018 1883 1055 infuderit:
1913 1021 1948 1054 ἱη
1976 1033 2131 1067 corpore,
2156 1021 2210 1057 ita

451 1086 580 1133 pergit
598 1088 831 1132 Cyprianus,
860 1092 968 1132 atque
988 1100 1046 1121 ore
1064 1088 1196 1122 violato
1214 1088 1437 1122 eucharistia
1450 1100 1662 1132 permanere
1689 1100 1759 1121 non
1774 1089 1901 1132 potuit.
1949 1091 2211 1134 Sanctificatus

455 1157 492 1191 in
513 1158 655 1191 Domini
681 1158 863 1203 sanguine
886 1162 993 1202 potus
1020 1159 1063 1192 de
1078 1158 1227 1202 pollutis
1249 1158 1441 1192 visceribus
1464 1159 1592 1203 erupit.
1645 1159 1770 1193 Tanta
1797 1163 1849 1193 est
1874 1163 2036 1202 potestas
2059 1160 2209 1202 Domini,

454 1231 564 1262 tanta
582 1229 769 1270 majestas.
818 1228 966 1262 Secreta
983 1228 1213 1263 tenebrarum
1233 1228 1296 1262 sub
1320 1228 1399 1270 ejus
1421 1228 1499 1262 luce
1520 1229 1664 1262 detecta
1693 1233 1778 1262 sunt
1807 1232 1872 1261 etc.
1887 1227 1916 1261 2.
1964 1227 2037 1262 His
2058 1228 2211 1273 quidem

456 1298 585 1332 verbis
615 1299 659 1331 de
688 1298 804 1331 calice
834 1298 945 1331 unice
971 1297 1143 1342 loquitur
1171 1297 1409 1342 Cyprianus3
1452 1301 1644 1340 attamen,
1679 1310 1766 1331 cum
1795 1298 2066 1332 Eucharistiam
2089 1303 2211 1342 vocet,

455 1368 558 1402 haud
583 1367 847 1412 improbabilis
876 1369 977 1402 foret
995 1368 1237 1411 conjectura,
1263 1378 1400 1412 panem
1424 1366 1625 1401 intinctum
1647 1367 1781 1409 fuisse,
1806 1367 1880 1401 nisi
1899 1368 2080 1411 obstaret,
2110 1368 2213 1404 idem
2267 1364 2270 1367 χ

455 1437 552 1472 illud
574 1438 692 1472 fuisse
718 1439 921 1481 poculum,
947 1438 1049 1481 quod
1069 1437 1203 1470 ceteris
1226 1447 1374 1480 quoque
1398 1437 1626 1471 Christianis
1649 1437 1827 1471 diaconus
1851 1437 2068 1481 praebuerit.
2123 1439 2215 1483 Quae

456 1510 586 1542 autem
604 1511 793 1551 utcunque
814 1506 912 1549 sint,
949 1506 989 1540 id
1016 1510 1143 1540 tamen
1167 1508 1335 1547 constat,
1369 1517 1442 1540 sec.
1470 1506 1533 1540 IV.
1568 1506 1669 1539 hunc
1696 1507 1968 1541 eucharistiam
1994 1508 2216 1553 porrigendi

457 1578 614 1612 modum
638 1577 676 1610 in
691 1578 865 1622 Aegypto
889 1576 1006 1610 fuisse
1030 1579 1238 1621 receptum.
1287 1576 1372 1610 Hoc
1383 1575 1539 1609 innuere
1550 1575 1701 1610 videtur
1711 1577 1898 1610 Eusebius
1914 1577 2016 1612 H.E.
2027 1577 2090 1611 IV.
2104 1590 2134 1611 c.
2145 1579 2213 1620 44„

456 1647 798 1689 licetobscuri1153
841 1658 929 1681 nam
962 1646 1065 1680 haud
1094 1647 1195 1681 clare
1228 1650 1350 1691 patet,
1384 1657 1520 1690 panem
1554 1651 1835 1688 consecratum,
1868 1658 1982 1690 quem
2008 1646 2216 1692 Blonysius

435 1717 694 1761 *Alei-<andriae
720 1717 930 1761 Episcopus
955 1715 1154 1760 Serapioni
1183 1716 1263 1750 seni
1293 1716 1523 1750 moribundo
1549 1715 1673 1757 misit,
1700 1717 1779 1749 vino
1809 1715 2075 1751 eucharistie-03
2099 1716 2216 1751 fuisse

458 1788 662 1823 intinctum
692 1799 713 1822 a
734 1799 865 1832 puero,
896 1787 1004 1829 cujus
1025 1798 1124 1820 curae
1142 1785 1465 1821 committebatur.
1521 1786 1677 1820 Constat
1695 1795 1786 1819 vero
1809 1796 1854 1818 ex
1873 1785 1972 1820 Julii
1987 1786 2018 1821 1.
2040 1786 2218 1832 Episcopi

459 1858 626 1893 Romani
667 1858 826 1903 epistola
861 1856 1052 1890 Decretali
1091 1856 1138 1890 ad
1178 1855 1371 1901 episcopos
1411 1867 1480 1900 per
1514 1855 1734 1901 Aegyptum
1769 1855 1808 1888 in
1844 1855 2004 1889 Decreto
2045 1855 2218 1891 Gratiani

459 1928 633 1964 Distinet.
653 1930 703 1963 Π.
735 1940 764 1962 c.
784 1928 818 1962 7.
846 1927 882 1961 in
901 1925 1061 1960 concilio
1083 1916 1309 1960 Bracarensi
1330 1937 1426 1961 anno
1448 1925 1528 1961 675.
1549 1924 1751 1969 repetita4,
1782 1925 1882 1958 unde
1900 1924 1993 1959 fides
2012 1925 2072 1960 illi
2094 1924 2218 1959 conci-

460 1999 596 2041 liatur,
634 2010 751 2043 quum
778 1997 870 2031 alias
893 1996 993 2030 inter
1022 2008 1167 2032 merces
1188 1996 1562 2031 Pseudoisidorianas
1585 1998 1682 2029 esset
1707 1992 1953 2035 rejicienda5.

348 2365 366 2393 3
391 2365 630 2411 Binghamus
657 2362 718 2396 VI.
742 2374 776 2406 p.
798 2362 877 2398 404.
912 2375 1011 2410 aqua
1034 2363 1238 2398 intinctum

399 2440 534 2473 panem
557 2427 675 2461 fuisse
697 2425 842 2460 statuit.

391 2505 538 2540 Labbei
561 2502 732 2537 concilia
751 2502 861 2537 Tom.
882 2504 943 2539 vl.
975 2516 1009 2548 p.
1032 2503 1115 2538 562.
1382 2526 1418 2560 P,
1437 2514 1519 2548 218,

348 2148 363 2176 1
391 2149 449 2183 cf.
467 2148 611 2192 Sontag
633 2148 676 2180 dc
703 2146 924 2180 intinctione
953 2144 1058 2189 panis
1082 2143 1235 2177 Eucha-
1379 2142 1642 2176 Romanorum
1673 2141 1891 2176 Decretales
1933 2140 2102 2186 incipere
2138 2153 2218 2176 cre-

395 2210 517 2245 ristici
539 2209 575 2243 in
601 2208 746 2242 vinum.
777 2207 913 2241 Altorfi
934 2206 1038 2242 1695.
1063 2219 1101 2252 p.
1124 2205 1182 2241 13.
1383 2203 1536 2238 duntur.
1600 2205 1674 2239 Sed
1719 2205 1818 2238 inter
1864 2203 2095 2247 antiquiores
2140 2213 2219 2237 esse

348 2289 368 2317 2
391 2289 446 2322 De
471 2287 661 2331 baptism„
696 2297 730 2330 P.
751 2285 830 2320 132.
1381 2276 1528 2311 quoque
1554 2271 1753 2309 poterunt,
1789 2266 1927 2310 quibus
1954 2265 2059 2299 nulla
2087 2267 2218 2304 νοθείας

1380 2329 1564 2363 inurenda
1589 2328 1636 2361 sit
1657 2329 1815 2363 macula.
1866 2328 1925 2362 Cf.
1948 2327 2124 2372 Spittleri
2146 2329 2219 2363 Ge-

1381 2390 1553 2425 schichte
1598 2390 1661 2422 des
1697 2390 1951 2424 kmwnischen
1988 2390 2134 2424 Rechts
2162 2388 2220 2424 bis

1381 2453 1452 2488 auf
1482 2453 1542 2486 die
1574 2451 1703 2485 Zeiten
1739 2452 1803 2485 des
1843 2452 2015 2486 falschen
2053 2452 2220 2488 Isidorus

1581 2514 1635 2546 De
1665 2517 1744 2547 toto
1776 2514 1847 2547 isto
1881 2518 2106 2560 argumento
2133 2513 2221 2549 vide

350 2583 368 2612 5
392 2583 521 2619 Julius
550 2582 650 2616 enim
684 2581 907 2614 semiseculo
942 2586 1027 2615 ante
1058 2578 1241 2614 Sin-icium
1383 2576 1646 2621 Binghamum
1673 2576 1736 2610 VI.
1762 2587 1798 2621 p.
1821 2576 1900 2611 441.
1927 2587 2027 2621 seqq.

396 2647 541 2693 Pupam
562 2638 671 2686 vixit,'
697 2653 719 2677 a
737 2655 809 2688 quo
824 2644 997 2690 genuinae
1012 2641 1242 2677 Pontificum
