2341 3340
1215 196 1281 242 66

985 338 1035 397 C
1057 338 1114 395 A
1132 337 1206 396 P.
1284 335 1342 394 X
1361 335 1395 393 I
1413 335 1448 393 Ι
1466 336 1519 395 I.

873 437 1069 480 monus
1132 435 1617 479 011n1sr1AN0RuM.

283 618 322 656 1.
381 587 596 660 Veteres
616 611 706 665 jam
738 610 1097 665 Carthaginienses
1134 611 1242 665 apud
1276 611 1487 651 Romanos
1519 611 1626 650 male
1657 610 1834 651 audiisse
1851 638 1862 660 ‚
1912 623 1964 650 ex
2009 610 2210 650 Cicerone

280 694 453 745 aliisque
484 695 654 732 constat.
709 692 1045 732 Fraudulentiam
1075 692 1199 741 enim,
1228 691 1451 738 mendacia,
1481 690 1634 729 nullam
1668 690 1711 728 in
1741 689 1979 730 foederibus
2003 689 2211 730 servandis

223 772 225 774 ’
280 773 524 826 religionem
547 772 709 811 crimini
732 771 783 811 iis
807 772 930 810 vertit
945 770 1104 819 Cicero,
1137 774 1280 810 contra
1301 769 1468 809 Rullum
1493 768 1604 808 Orat.
1622 768 1662 807 2.
1693 782 1727 808 c.
1742 768 1809 808 35.
1839 770 1942 808 etin
1969 768 2211 821 fragmentis

280 854 330 894 ab
361 853 520 904 Angelo
542 851 657 904 Majo
689 851 810 889 editis
840 848 1003 904 (Frncf.
1019 847 1164 903 1815.)
1194 863 1233 902 p.
1246 850 1312 889 13.
1368 849 1609 889 Eorundem
1639 849 1832 890 vitiorum
1861 848 1924 887 rei
1956 848 2213 888 habebantur

281 931 641 983 Carthaginienses
659 929 847 969 Romani.
906 929 975 968 Sic
995 929 1248 981 Capitolinus
1265 928 1458 968 Gordian.
1476 929 1517 968 3.
1541 942 1576 968 c.
1593 929 1663 969 14.
1717 931 1827 983 Afri
1840 928 1979 983 fidem
2000 929 2213 982 punicam

276 1013 614 1066 proestiterzcnt5
643 1009 746 1048 item
773 1021 807 1047 c.
822 1006 888 1047 15.
914 1012 956 1047 et
971 1007 1221 1047 Maximinus
1235 1007 1340 1059 Aug.
1355 1008 1464 1059 apud
1485 1008 1661 1048 eundem
1682 1011 1726 1048 in
1754 1010 1835 1048 vita
1850 1007 2067 1048 Maximini
2096 1019 2132 1045 c.
2147 1005 2212 1045 18.

280 1092 390 1143 Afri
407 1089 547 1144 fidem
564 1090 824 1141 fregerunt.
898 1088 1013 1140 Quid
1045 1087 1215 1135 dicam,
1244 1088 1533 1142 fregerant?
1589 1101 1692 1127 nam
1724 1088 1897 1141 quando
1938 1086 2213 1128 tenuerunt?

281 1167 350 1209 Sic
383 1178 546 1220 quoque
572 1166 788 1220 Expositio
816 1167 943 1206 totius
972 1166 1114 1205 mundi
1148 1164 1359 1221 (Hudson.
1389 1165 1518 1218 Geog.
1545 1167 1690 1205 minor.
1723 1165 1773 1204 T.
1789 1165 1828 1204 3.
1856 1179 1896 1218 p.
1920 1161 2010 1218 18.)
2043 1166 2213 1206 dolosos

281 1261 354 1288 eos
382 1250 619 1299 nuncupat,
666 1246 849 1298 dicitque
882 1246 1061 1300 dzfficz'le
1098 1248 1217 1286 inter
1247 1259 1319 1286 eos
1351 1247 1548 1287 inveniri
1572 1247 1739 1286 bonum.
1805 1244 1953 1296 Neque
1992 1246 2213 1297 scriptores

282 1327 554 1367 ecclesiastici
603 1325 787 1378 perditos
841 1338 985 1365 eorum
1039 1337 1176 1364 mores
1221 1325 1398 1363 reticent
1417 1353 1429 1373 ,
1480 1325 1665 1376 inprimis
1710 1324 1965 1377 vulgivagam
2008 1323 2214 1363 Venerem

280 1406 389 1460 apud
423 1405 581 1445 Siccam
608 1404 827 1460 Veneriam
856 1404 1128 1460 (Augustinus
1158 1403 1210 1443 de
1242 1403 1350 1442 civit.
1379 1403 1457 1443 Dei
1487 1403 1538 1442 ΙΙ.
1568 1403 1658 1443 c.3.
1691 1403 1759 1444 1V.
1789 1416 1824 1442 c.
1844 1404 1911 1443 10.
1941 1406 1983 1443 et
2006 1402 2214 1443 Salvianus

281 1485 555 1527 Massiliensis
586 1484 638 1523 de
668 1484 976 1524 Gubernatione
1007 1484 1086 1524 Dei
1115 1483 1203 1524 VII.
1235 1478 1411 1535 c.16.)1.

459 1564 501 1603 2.
559 1563 685 1602 Hisce
716 1563 882 1614 quidem
909 1563 1156 1615 turpissimis
1185 1562 1368 1601 moribus
1397 1562 1590 1601 nuncium
1618 1561 1818 1602 miserunt
1847 1561 2068 1602 Christiani
2101 1562 2213 1610 Afri;

281 1656 506 1695 eorumque
544 1643 740 1695 pietatem
778 1655 873 1694 erga
907 1641 1068 1691 Deum,
1109 1654 1245 1681 mores
1279 1645 1410 1681 castos
1439 1641 1634 1693 piosque,
1672 1640 1799 1680 fidem
1829 1640 2145 1694 Imperatoribus
2172 1645 2216 1681 et

279 1722 583 1777 magistratibus
630 1724 830 1760 servatam
877 1721 968 1773 plus
1015 1722 1142 1760 semel
1185 1719 1353 1759 laudant
1398 1719 1706 1767 Tertullianus,
1753 1720 1806 1759 ad
1845 1719 2059 1773 Scapulam
2102 1733 2136 1760 c.
2173 1720 2214 1760 2.

281 1802 489 1856 Apologet
517 1814 552 1840 c.
581 1800 650 1840 30.
680 1813 794 1851 sequ.
826 1797 1051 1852 Cyprianus
1081 1803 1224 1839 contra
1256 1799 1575 1846 Demetrianum,
1613 1801 1656 1837 et
1684 1798 1734 1837 ad
1765 1799 1988 1848 Donatum,
2024 1800 2095 1840 ubi
2119 1800 2215 1839 vitia

280 1883 485 1929 recenset,
514 1893 537 1919 a
566 1879 712 1931 quibus
741 1878 998 1917 Christianus
1031 1879 1108 1917 sibi
1139 1889 1282 1916 cavere
1316 1877 1477 1923 debeat,
1509 1878 1555 1913 ut
1585 1879 1627 1914 et
1643 1876 1846 1915 Arnobius
1872 1877 1962 1916 Lib.
1983 1877 2049 1918 IV.
2073 1891 2214 1917 versus

280 1960 420 2001 finem.
477 1959 534 1998 Et
556 1958 696 2011 negari
725 1958 837 1996 nullo
867 1957 990 1996 modo
1019 1960 1175 2009 potest,
1213 1955 1507 1995 sanctissimam
1534 1955 1777 2006 religionem
1803 1955 1846 1994 in
1874 1955 2021 2019 hog-um
2051 1970 2214 2009 quoque

280 2039 496 2080 hominum
534 2037 716 2076 moribus
759 2036 1024 2075 emendandis
1067 2035 1243 2074 divinam
1282 2048 1397 2076 suam
1431 2035 1513 2073 vim
1551 2038 1673 2085 atque
1706 2033 1935 2074 efficaciam
1971 2022 2227 2076 exseruisse.

281 2118 474 2159 Attamen
506 2116 619 2156 idem
651 2116 704 2154 de
734 2115 938 2155 Africanis
971 2113 1082 2164 quod
1110 2114 1163 2153 de
1196 2115 1358 2153 caeteris
1386 2113 1512 2166 prisci
1540 2114 1737 2165 temporis
1770 2114 2012 2154 Christianis
2050 2117 2213 2165 valebit,

280 2197 432 2237 multos
470 2196 638 2248 quidem
677 2190 917 2235 emendatos
950 2193 1107 2242 fuisse,
1163 2196 1341 2233 attamen
1379 2192 1491 2233 haud
1537 2193 1673 2232 omnia
1711 2194 1754 2233 in
1789 2194 2035 2233 oblivionem
2066 2195 2214 2236 abiisse

282 2276 406 2325 vitia3
453 2279 495 2314 et
542 2275 722 2326 quamvis
769 2275 943 2314 ecclesia
989 2274 1184 2314 Africana
1221 2273 1371 2312 multos
1412 2273 1558 2312 aluerit
1593 2272 1783 2312 homines
1826 2274 1916 2325 pios
1965 2274 2214 2328 probosque,

282 2359 408 2408 atque
445 2354 675 2407 plurimos,
720 2353 790 2405 qui
833 2356 971 2406 spreta
1006 2353 1238 2394 idololatria
1283 2352 1538 2405 turpissimos
1591 2362 1754 2402 quoque
1799 2353 2007 2392 exuissent
2056 2367 2212 2404 mores,

283 2433 583 2486 perfectionem
621 2436 757 2472 tamen
802 2432 943 2481 illam,
997 2447 1117 2484 quam
1161 2433 1410 2484 antiquiores
1458 2430 1683 2483 apostolico
1728 2443 1815 2470 aevo
1855 2433 2078 2485 primisque
2122 2440 2214 2485 post

284 2512 496 2553 Christum
521 2515 659 2551 natum
689 2512 839 2551 seculis
868 2512 937 2564 pie
966 2513 1095 2563 magis
1124 2524 1242 2563 quam
1270 2524 1367 2551 vere
1394 2511 1645 2558 tribuerunt,
1684 2511 1790 2563 apud
1820 2511 1946 2551 Afros
1983 2512 2093 2552 haud
2122 2526 2212 2554 esse

284 2591 573 2642 quaerendam,
609 2592 832 2644 populique
869 2591 1080 2644 ingenium
1116 2595 1239 2644 atque
1279 2592 1472 2631 libidines
1505 2591 1758 2631 Christianos
1789 2603 1950 2643 quoque
1976 2591 2088 2632 haud
2119 2606 2212 2633 raro

287 2670 377 2710 labe
408 2682 479 2710 sua
512 2669 774 2722 adspersisse.

334 2801 347 2827 ¹
376 2801 434 2836 Cf.
459 2800 605 2835 librum
632 2805 804 2836 nostrum
829 2800 1011 2846 Religion
1043 2801 1110 2834 ‹lcr
1132 2801 1350 2848 Karthagcr
1385 2815 1416 2847 p.
1443 2803 1499 2837 79.
1527 2814 1629 2846 sequ.
