2341 3340
1104 103 1141 148 ⁵7

168 242 425 296 Nicephorus
443 241 679 283 Callistus-5:
709 242 859 293 quippe
887 240 955 293 qui
973 239 1160 280 Marcum
1185 240 1497 294 Evangelistam,
1526 255 1647 293 quem
1675 245 1850 299 primum
1863 243 2074 298 Evangelii

167 321 213 362 in
254 321 441 375 Aegypto
487 332 722 374 praeconem
780 319 973 370 sedisque
1017 318 1304 358 Alexandrinae
1349 320 1604 359 conditorem
1644 321 1755 359 haud
1796 321 2072 374 improbabiiis

167 398 352 440 veterum
389 398 553 439 traditio
591 397 697 450 apud
730 397 954 437 Eusebium
984 397 1037 436 H.
1059 397 1111 436 E.
1133 396 1184 436 li.
1212 409 1249 436 e.
1278 398 1345 436 16.
1374 397 1530 446 refert,
1576 398 1663 449 ipso
1695 398 1851 438 Tiberii
1888 406 2073 453 tempore

167 481 295 518 totam
323 477 574 528 Aegyptum,
613 476 805 527 Libyam,
844 475 1054 528 Cyrenen,
1101 488 1344 527 omnemque
1371 476 1604 514 Barbariam
1632 477 1879 527 percurrisse
1907 479 2029 518 tradit
2043 479 2073 520 ⁶.

168 557 270 608 Quae
298 555 464 606 quidem
489 558 584 593 sunt
616 554 732 593 valde
767 555 949 603 incerta,
997 557 1040 593 et
1073 554 1182 593 iuter
1218 554 1376 593 fabulas
1412 555 1547 606 potius
1576 554 1812 606 rejicienda.
1871 555 2074 597 Fortassis

169 634 299 674 omnis
335 634 405 672 illa
446 631 498 671 de
544 632 711 672 Simone
744 633 938 672 Afrorum
976 632 1173 685 Apostolo
1215 632 1393 671 narratio
1446 636 1562 671 enata
1606 637 1668 671 est
1706 645 1756 671 ex
1797 633 1888 672 loco
1926 635 2075 676 Matth.

167 710 334 752 XXVII.
360 710 428 749 32.
461 712 534 751 ubi
564 712 616 751 de
645 711 811 751 Simone
842 711 1040 763 Gyrenaeo
1069 712 1221 750 mentio
1254 711 1458 762 injicitur,
1497 722 1618 761 quem
1647 710 1698 749 ad
1721 710 1874 751 Christi
1910 726 2075 755 crucem

165 791 387 831 tollendam
411 791 562 830 milites
591 790 764 829 Romani
790 789 1028 842 adegerunt,
1059 790 1189 828 serius
1216 802 1309 828 cum
1330 788 1496 826 Simone
1525 788 1721 840 Cleophce
1748 790 1831 829 filio
1856 793 2073 843 confus073

164 868 275 909 hunc
305 871 440 919 enim,
483 881 607 920 quum
639 881 663 907 e
692 866 914 920 Cyrenaica
943 868 1137 907 oriundus
1167 856 1287 916 esset,
1320 867 1504 905 nonnulli
1528 866 1736 906 Christum
1770 868 1814 907 in
1842 871 2075 922 regionibus

167 948 429 987 conterminis
458 947 701 999 praedicasse
732 950 971 986 statuerunt.
1030 947 1173 998 Neque
1199 948 1386 985 constans
1418 945 1568 996 ubique
1601 946 1652 985 de
1682 946 1848 986 Simone
1880 949 2076 991 Afrorum

166 1025 363 1077 Apostolo
408 1025 609 1074 traditi03
667 1025 735 1065 alii
780 1026 888 1066 enim
931 1025 1115 1065 Persiam
1159 1025 1220 1064 illi
1263 1025 1532 1064 aununciaudi
1575 1024 1787 1078 Evangelii
1829 1029 2075 1078 provinciam

166 1103 416 1156 adsignant&
1800 1093 1802 1095 ¹

344 1182 385 1221 2.
449 1182 551 1221 Haec
580 1186 715 1222 autem
754 1184 886 1222 omnia
918 1183 1087 1223 Eusebii
1132 1184 1250 1220 aetate
1291 1182 1430 1233 ignota
1469 1185 1595 1220 erant.
1681 1182 1761 1221 Hic
1801 1184 1937 1233 enim,
1985 1185 2075 1225 dili—

1385 1259 1540 1299 Histor.
1573 1260 1734 1299 Eccles.
1771 1260 1840 1299 HI.
1880 1276 1914 1301 c.
1948 1264 1985 1302 1.
2023 1264 2075 1303 de

165 1339 378 1378 itineribus
414 1339 590 1379 Simonis
626 1341 858 1391 apostolicis
892 1341 993 1379 nihil
1027 1341 1151 1380 habet
1172 1340 1219 1379 ⁹:
1263 1343 1333 1388 et,
1373 1340 1406 1378 si
1446 1353 1622 1391 unquam
1660 1340 1705 1378 in
1740 1339 1881 1379 Africa
1917 1342 2075 1393 fuisset,

166 1260 424 1313 gentissimus
462 1262 710 1313 antiquitatis
749 1261 989 1300 Christianae
1033 1262 1325 1313 investigator,

259 1494 489 1528 attributum
533 1494 706 1538 spurium
745 1497 833 1536 est,
880 1495 1005 1529 seculo
1031 1496 1094 1530 VI.

512 1565 604 1608 Quae
642 1564 688 1597 de
720 1564 910 1608 Apostolis
955 1565 1092 1608 tradit,

261 1634 381 1668 edidit
417 1634 562 1667 Caveus
608 1633 646 1667 in
691 1633 864 1668 Historia
903 1634 1094 1670 litteraria

259 1563 454 1608 scriptum.

261 1703 441 1746 Scriptor.
487 1701 783 1735 Ecclesiasticor.
808 1702 839 1735 I.
864 1714 900 1745 P·
919 1702 998 1737 169.

213 1773 232 1801 5
251 1768 326 1807 'Eub
349 1773 386 1806 δὲ
413 1772 567 1816 Τιβερίου
591 1772 766 1815 Καίσαρος
787 1770 829 1815 τῇ
854 1767 1014 1815 ’Λιγύπτῳ
1044 1772 1097 1805 καὶ

260 1839 391 1888 Λιβύῃ,
427 1843 475 1874 ἔτι
499 1839 534 1872 δὲ
559 1839 612 1872 καὶ
640 1836 681 1883 τῇ
713 1839 906 1884 Βαρβαρικῇ
930 1838 1015 1887 πάσῃ
1038 1840 1097 1875 τὸν

259 1910 388 1956 Χριςοῦ
415 1907 514 1954 λόγον
547 1903 824 1952 εὗαγγελισιίμειός
846 1934 854 1949 ,
889 1909 943 1942 καὶ
971 1906 1090 1954 {mero-

260 1977 409 2026 ρεύωτος
442 1982 580 2023 Πέτρου
605 1974 644 2010 τὸ
675 1972 743 2010 κατ’
777 1973 876 2011 αὐτὸν
892 1973 1098 2023 Ἑυαγγέλιον

267 2045 552 2094 συγγραηκξιιενος,
576 2049 609 2081 ἔν
626 2044 767 2092 Κυρήνῃ
788 2060 822 2080 τε
842 2048 895 2080 καὶ
917 2046 1096 2081 ῙῙεπταπό-

260 2120 308 2152 aa
331 2116 434 2152 πολλὰ
451 2117 505 2149 καὶ
521 2114 638 2162 ἄπειρα
656 2113 869 2162 ἐργασάμενος
880 2142 889 2160 ,
911 2118 965 2150 καὶ
983 2119 1096 2163 ἐκκλη-

261 2190 332 2226 σίας
356 2182 624 2229 ἀνοικοδομήσας.

214 2254 234 2297 5³
257 2254 348 2289 ibid.
376 2266 407 2289 ο.
427 2254 485 2288 43.

215 2322 233 2351 ’a'
257 2334 293 2357 v.
312 2335 341 2357 c.
355 2323 589 2368 Sophronias
607 2321 708 2367 apud
727 2321 884 2358 Hieron.
905 2323 950 2358 de
968 2323 1148 2370 scripu...
1162 2340 1188 2346 2-

263 2391 467 2426 ecclesiast.
488 2392 526 2426 in
544 2392 709 2426 Simone.
756 2393 926 2427 Isidorus
950 2394 994 2427 de
1016 2394 1098 2429 vita

264 2466 300 2495 et
316 2460 424 2495 obitu
436 2460 473 2494 S.
491 2461 527 2495 S.
542 2463 738 2507 utriusque
751 2462 986 2497 Testamenti
997 2474 1027 2497 c.
1038 2462 1095 2498 83.

262 2529 663 2575 Pseudo-Hippolytus
681 2532 889 2565 Thebanus
921 2531 968 2564 de
1002 2531 1095 2566 duo-

270 2598 394 2633 decim
403 2598 591 2643 Apostolis
604 2601 703 2644 apud
715 2601 914 2634 Combefis.
926 2605 1096 2635 auctuar.

267 2668 310 2703 P.
329 2668 371 2704 P.
395 2668 444 2702 II.
475 2679 509 2711 p.
530 2667 610 2701 831.
665 2668 720 2702 Hi
738 2668 1097 2715 Hierosolymorum

1236 1507 1325 1529 eum
1376 1494 1524 1528 faciunt
1564 1480 1806 1537 Episcopum.
1871 1496 1920 1530 cf.
1959 1497 2075 1532 Cavei

1236 1564 1377 1608 antiqq.
1400 1563 1569 1608 Apostol.
1597 1563 1654 1596 ed.
1676 1563 1868 1599 Theotisc.
1893 1578 1928 1610 p.
1947 1566 2027 1601 594.

1188 1633 1206 1660 8
1230 1631 1293 1666 Sic
1312 1632 1454 1666 Abdias
1479 1632 1517 1665 in
1543 1632 1704 1666 historia
1735 1634 1951 1669 certaminis
1974 1636 2075 1681 Apo-

1234 1701 1361 1734 stolici
1379 1726 1389 1742 ‚
1433 1701 1518 1734 Lib.
1561 1702 1625 1736 VI.

1238 1779 1354 1804 carm.
1376 1769 1407 1803 Ι.
1433 1769 1516 1804 VII.
1538 1780 1568 1802 c.
1595 1771 1628 1803 4.
1684 1770 1790 1804 Beda
1816 1775 2008 1808 retractat.
2036 1773 2075 1809 in

1237 1838 1319 1872 Act.
1341 1850 1372 1873 c.
1396 1838 1428 1872 1.
1455 1849 1492 1872 v,
1516 1837 1573 1872 13.
1626 1838 1754 1883 Neque
1783 1838 1965 1875 Paulinus
1999 1842 2075 1877 Νο-

1237 1907 1346 1941 lanus
1357 1907 1550 1941 Simonem
1560 1914 1763 1953 agnoscere
1773 1908 1928 1943 videtur
1937 1911 2074 1947 Africae

1687 1703 1842 1737 Venant.
1876 1704 2072 1742 Fortunat.

1237 1977 1462 2022 Apostolum
1483 1990 1494 2019 3
1539 1988 1675 2011 verum
1691 1977 1826 2022 -potius
1855 1978 2074 2024 Lebbaeum,

1238 2047 1345 2089 cujus
1376 2045 1557 2090 reliquias
1587 2046 1732 2080 ibidem
1761 2049 1906 2082 servari
1926 2050 2069 2086 asserit.

1235 2116 1292 2150 De
1304 2115 1341 2151 S.
1356 2116 1483 2150 Felice
1504 2116 1619 2151 natal.
1648 2127 1761 2150 carm.
1772 2117 1838 2151 XI.
1868 2117 2074 2153 Lehbaeum

1236 2184 1403 2229 Libyes,
1435 2184 1611 2230 Phryges
1642 2196 1820 2230 accepere
1849 2186 2072 2232 Philippum

1238 2255 1305 2300 (ed
1344 2254 1467 2289 Paris.
1498 2253 1603 2290 1685.
1638 2255 1768 2290 Poe'm.
1802 2267 1839 2299 p.
1865 2255 1971 2301 169.)
2018 2257 2068 2292 cf.

1238 2323 1447 2357 Tillemont
1493 2323 1698 2358 Memoires
1742 2335 1838 2368 pour
1885 2325 2009 2359 servir
2051 2326 2073 2359 a

1235 2392 1426 2427 l’liistoirc
1460 2393 1506 2426 de
1538 2393 1685 2438 l’e‘glise
1719 2393 1783 2426 des
1808 2392 1865 2426 six
1890 2393 2072 2438 premiers

1235 2455 1368 2496 sid-cles
1388 2462 1498 2496 Tum.
1521 2461 1553 2496 I.
1581 2474 1615 2506 p.
1640 2461 1722 2497 170.
1749 2462 1806 2497 ed.
1831 2463 2002 2498 Bruxell.

1190 2531 1209 2576 ξ)
1241 2532 1369 2577 Neque
1401 2535 1636 2565 memoratur
1659 2542 1681 2566 a
1706 2532 1822 2577 Greg.
1842 2531 2072 2567 Nazianzeno

1237 2606 1332 2637 orat.
1352 2601 1410 2636 25.
1427 2601 1474 2635 ad
1495 2600 1665 2636 Arianos.
1697 2601 1754 2636 ed.
1771 2600 1891 2635 Paris.
1916 2600 2066 2635 Tom.I.

1244 2683 1280 2715 p.
1309 2669 1389 2705 438.
1447 2669 1620 2704 Ambros.
1651 2669 1824 2704 Enarrat.
1857 2668 1896 2703 in
1927 2668 2067 2705 Psalm.
