2341 3340
1225 132 1323 178 162

320 273 567 326 Carthagine
602 273 767 325 quidem
800 276 1048 317 celebratum
1086 280 1244 330 putem,
1282 277 1378 316 licet
1414 277 1519 316 bene
1547 278 1690 327 sciam,
1732 279 1944 332 episcopos
1979 280 2091 328 illos,
2132 293 2233 332 quos

319 352 557 391 decessores
595 356 731 402 vocat,
777 354 888 393 hand
927 358 1067 395 omnes
1101 369 1192 395 esse
1227 357 1409 408 potuisse
1439 357 1844 411 Carthaginienses:v
1882 359 2074 411 intelligit
2101 360 2236 410 potius

319 442 460 469 omnes
489 431 583 470 illos
617 433 833 485 episcopos
861 434 1066 474 Africanae
1099 436 1299 484 ecclesiae,
1333 421 1400 488 qui
1423 437 1482 475 illi
1511 436 1786 475 interfuerunt
1809 438 1997 476 concilio.
2056 436 2237 490 Tempus

317 509 427 548 haud
459 511 661 561 significat
688 511 767 551 nisi
798 525 872 565 per
911 526 1055 566 vagum
1085 514 1184 553 illud
1208 516 1306 568 jam
1332 516 1532 570 pridem,
1577 515 1685 566 quod
1724 518 1861 555 tamen
1896 517 2044 555 multos
2077 516 2236 568 elapsos

317 600 442 627 annos
470 588 642 638 indicat;
680 602 805 640 quare
834 604 927 631 cum
960 591 1241 642 Schelstratio,
1272 593 1352 633 hoc
1383 595 1599 633 concilium
1630 594 1788 637 Donato
1812 594 2016 634 desessori
2043 593 2236 646 Cypriani

316 667 359 706 in
386 666 486 706 sede
517 667 843 721 Carthaginiensi
872 671 1138 720 attribuente,
1183 673 1416 712 consentire
1446 686 1620 724 nequeo.

474 748 534 787 ·2.
593 748 657 788 An
687 749 965 789 Tertullianus
994 750 1038 789 in
1069 751 1243 790 concilio
1278 751 1487 791 damnatus
1517 753 1597 801 sit,
1639 753 1798 792 incerta
1825 765 1916 802 res,
1963 752 2015 792 ‹lc
2047 764 2124 803 qua
2149 753 2237 806 jam

317 828 473 880 egimus
504 827 623 867 CAP.
653 828 800 867 XXII:
840 829 919 869 Vix
950 834 1084 869 autem
1116 830 1285 870 inducar
1312 836 1359 871 ut
1387 832 1489 871 mihi
1521 830 1808 884 persuadeam,
1846 844 1939 870 eum
1973 843 2159 883 quoque,
2191 835 2239 871 ut

316 906 542 946 Morcellus
571 905 844 954 arbitraturl3,
879 908 956 946 alia
989 907 1040 945 de
1071 921 1190 948 causa
1220 909 1450 950 damnatum
1479 911 1620 959 fuisse,
1654 910 1763 962 quod
1795 910 1989 950 nimirum
2021 913 2237 949 statuerat:

318 985 426 1024 m'lzil
456 985 515 1024 ad
543 984 702 1025 delicta
721 987 927 1040 fidelium
963 988 1175 1040 capitalia
1208 989 1409 1028 solvenda·
1435 996 1479 1030 et
1508 991 1727 1043 alligandi
1755 991 1887 1030 Petro
1916 991 2236 1043 emancipatum

318 1077 421 1103 esse.
473 1060 547 1115 (de
590 1063 726 1116 pudic.
758 1077 792 1103 c.
825 1060 930 1118 21.)
1004 1063 1128 1104 Suam
1171 1066 1438 1106 assertionem
1486 1066 1709 1119 Septimius
1755 1068 2018 1119 sequentibus
2065 1068 2240 1107 adstruit

316 1142 470 1180 verbis:
514 1143 715 1183 Ecclesia
747 1146 914 1198 quidem
944 1144 1104 1185 delicta
1131 1145 1325 1195 donabit,
1357 1148 1435 1187 sed
1463 1148 1643 1187 ecclesia
1673 1149 1855 1201 spiritus
1881 1161 1963 1200 per
1991 1149 2238 1201 spiritalem

316 1221 542 1269 hominem,
579 1237 666 1263 non
696 1225 876 1264 ecclesia
910 1238 1116 1265 numerus
1148 1227 1448 1281 episcoporum
1478 1224 1632 1280 (ibid.)
1690 1225 1726 1263 E
1757 1226 1904 1275 quibus
1932 1228 2070 1264 tamen
2102 1225 2239 1264 verbis

318 1299 373 1338 nil
404 1299 455 1338 tle
493 1300 747 1341 Tertulliano
782 1304 831 1342 ab
866 1304 1038 1343 ecclesia
1080 1304 1274 1344 Africana
1313 1305 1501 1344 damnato
1548 1304 1687 1356 colligi
1722 1317 1843 1357 posse
1882 1303 2056 1343 videtur.
2123 1303 2239 1343 Idem

317 1377 543 1418 Morcellus
588 1381 762 1419 concilia
807 1382 880 1420 sub
918 1381 1077 1421 Donato
1125 1373 1331 1436 Episcopo
1375 1383 1700 1435 Carthaginiensi
1744 1382 1884 1422 habita
1937 1396 2028 1422 esse
2072 1383 2238 1424 statuit:

317 1469 440 1508 quum
479 1458 668 1498 Ecclesia
710 1459 919 1500 Africana'
945 1461 1115 1501 floreret
1156 1464 1266 1502 omni
1310 1476 1461 1515 genere
1500 1463 1686 1510 virtutis,
1725 1474 1803 1500 nee
1846 1462 2027 1514 episcopi
2066 1465 2239 1515 periculi

317 1538 435 1575 causa
466 1549 605 1576 carere
623 1538 788 1588 publico
819 1544 1077 1591 cogerentur.
1135 1541 1237 1580 Nam
1270 1543 1565 1581 controversias
1596 1553 1705 1593 saepe
1736 1541 1912 1579 existere
1945 1554 2116 1582 necesse
2147 1542 2239 1590 fuit,

316 1625 408 1664 quae
445 1628 496 1654 ex
532 1618 737 1656 communi
778 1620 980 1658 sententia
1019 1619 1259 1659 dirimendae
1295 1621 1530 1667 viderentur
1544 1619 1592 1660 14,
1662 1619 1750 1659 Nec
1792 1618 2042 1672 refragabor.
2103 1620 2238 1661 Credo

316 1693 437 1733 etiam
468 1707 559 1734 cum
589 1695 744 1737 Praxea
774 1698 817 1737 in
845 1697 1012 1750 Synodo
1044 1699 1292 1752 disputatum
1325 1699 1466 1739 fuisse.

495 1773 536 1813 3.
606 1777 675 1816 De
718 1778 896 1818 Privato
934 1779 1133 1819 haeretico
1176 1780 1278 1819 nihil
1317 1779 1540 1822 constat15.
1611 1778 1841 1820 Concilium
1878 1783 2020 1820 contra
2060 1792 2153 1820 eum
2194 1780 2238 1820 in

315 1852 624 1894 Lambesitana
643 1857 828 1904 colonia,
864 1870 954 1908 quae
984 1857 1064 1897 fuit
1092 1859 1189 1898 urbs
1214 1858 1432 1908 Numidiae,
1462 1860 1647 1898 habitum
1677 1863 1996 1898 commemorant
2011 1858 2237 1911 Cyprianus

319 1943 383 1982 ep.
414 1931 465 1970 ad
506 1931 670 1973 Cornel.
699 1930 852 1974 59set
890 1935 1034 1975 Clerus
1066 1936 1186 1976 Rom.
1225 1938 1276 1977 ad
1313 1938 1560 1990 Cyprianum
1601 1950 1665 1990 ep.
1694 1937 1762 1976 36.
1800 1938 1843 1976 in
1883 1951 2050 1989 quarum
2088 1938 2236 1990 prima:

317 2010 403 2050 Per
426 2012 699 2053 Felicianum
735 2019 880 2054 aulem
904 2016 1154 2069 significavi
1181 2017 1271 2064 tibi,
1301 2019 1472 2069 frater,
1505 2019 1674 2056 venisse
1707 2017 2019 2070 Garlhaginem
2044 2023 2236 2057 veterem

317 2089 585 2138 haereticum,
619 2094 665 2132 in
681 2093 991 2134 lambesitana
1021 2096 1193 2135 colonia
1220 2102 1325 2135 ante
1357 2098 1516 2163 mzcltmos
1532 2098 1638 2147 fere
1658 2110 1798 2136 annos
1827 2097 1874 2136 ob
1906 2097 2045 2136 multa
2077 2096 2236 2149 gravia

318 2166 478 2208 delicta
527 2168 584 2207 90
642 2173 943 2226 episcoporum
1002 2176 1225 2214 sententia
1288 2175 1625 2214 condemnatum
1642 2203 1655 2222 ,
1722 2181 2044 2216 antecessorum
2103 2175 2236 2214 etiam

317 2253 569 2288 nostrorum
615 2250 749 2304 (quod
783 2257 828 2292 et
873 2259 1065 2293 vestram
1105 2255 1415 2293 conscientiam
1459 2268 1548 2294 non
1592 2249 1725 2305 latet)
1768 2255 1960 2294 Fabiani
1991 2260 2033 2294 et
2066 2254 2239 2294 Donati

319 2327 481 2367 litteris
517 2331 789 2370 severissime
829 2337 1032 2371 notatum
1053 2331 1100 2369 ¹⁶.
1173 2331 1321 2371 Habita
1366 2333 1491 2384 igitur
1533 2332 1614 2371 fuit
1658 2333 1750 2371 haec
1797 2327 1975 2385 synodus
2010 2331 2235 2372 >Lambesae

317 2404 546 2455 Numidiae,
587 2408 661 2447 sub
699 2410 872 2460 primate
902 2410 1130 2459 Numidiae,
1171 2422 1316 2462 magno
1356 2410 1640 2464 episcoporum
1672 2411 1887 2460 confluxu;
1935 2424 2094 2464 aequum
2127 2410 2236 2450 enim

340 2560 376 2588 13
400 2562 482 2596 Vol.
506 2563 555 2597 11.
589 2576 623 2608 p.
647 2563 704 2599 9⁰.
1320 2566 1356 2596 15
1382 2567 1440 2602 cf.
1461 2567 1683 2603 Walchium
1706 2568 1841 2604 Gesch.
1857 2569 1924 2603 der
1936 2568 2167 2613 Ketzereyen
2180 2567 2230 2601 11.

341 2661 375 2690 n
400 2664 424 2698 ¹.
451 2675 481 2698 e·
1392 2650 1427 2682 p.
1453 2637 1533 2672 181.

1321 2738 1356 2768 16
1382 2739 1473 2787 Pag.
1496 2740 1575 2776 132.
