2341 3340
1100 136 1200 184 115

184 284 365 336 legamus
398 272 632 337 (de'Idolol.
664 290 699 319 c.
721 274 784 331 ¹7.)
817 278 969 332 adlegi
994 277 1041 317 in
1071 276 1270 317 ordinem
1289 278 1625 319 ecclesiasticum
1653 282 1845 334 artifices
1873 282 2100 331 idolorum,

181 361 367 414 intellige
413 372 511 401 vero
552 358 743 400 homines
784 356 854 409 qui
896 360 991 397 ante
1038 358 1268 409 susceptam
1320 356 1561 409 religionem
1609 357 1878 400 Christianam
1925 360 2102 402 artifices

183 439 371 481 fuissent.

358 516 601 559 Homicidia*
650 514 748 568 jure
799 515 1029 567 meritoque
1087 506 1453 554 adnumerabantur
1511 513 1742 566 quicunque
1800 518 2098 569 procurabant

184 597 360 639 abortus
396 594 591 651 (Apolog.
621 606 657 634 c.
685 593 744 643 9.)
787 596 828 633 et
865 595 1054 635 lanistae.
1124 593 1364 634 Homicidii
1395 592 1670 640 interdictio,
1717 593 1841 633 verba
1872 598 1966 633 sunt
1998 593 2099 633 Ter-

182 675 338 717 tulliani
378 671 453 729 (de
485 673 586 713 11101.
620 685 654 713 c.
680 668 768 725 11.)
800 673 992 713 ostendit
1022 672 1153 720 mihi,
1204 672 1410 712 lanistam
1442 684 1602 725 quoque
1635 671 1686 710 ab
1723 673 1902 711 ecclesia
1941 675 2100 722 arceri,

183 767 261 794 nec
292 767 374 807 per
407 767 453 793 se
487 766 575 793 non
600 754 746 805 faciet
784 752 896 806 quod
910 751 1170 803 faciendum
1200 751 1299 790 aliis
1331 749 1645 790 subministrat.
1705 747 1819 788 Idem
1850 754 2098 802 praeceptum

181 831 355 883 legimus
399 830 442 869 in
488 830 853 870 constitutionibus
897 828 1187 880 Apostolorum
1222 827 1331 868 VIII.
1360 840 1395 866 c.
1422 827 1490 867 32.
1552 827 1614 866 De
1650 828 1833 868 moechis
1868 827 2026 867 diversa
2057 828 2099 868 in

180 910 351 950 ecclesia
368 909 562 949 Africana
585 909 788 948 statuendi
815 909 895 948 fuit
922 910 1038 949 ratio.
1092 907 1317 960 Cyprianus
1349 906 1458 946 enim
1481 906 1650 957 epistola
1674 904 1730 944 55
1754 905 1805 945 ad
1825 906 2100 966 Antonianum

181 1001 221 1041 p.
251 989 344 1028 109.
375 988 432 1027 ita
462 988 599 1027 habet.
665 989 857 1029 Moechis
895 1003 921 1029 a
958 988 1079 1029 nobis
1109 988 1399 1042 poenitentioe
1435 990 1607 1038 tempus
1644 985 1896 1025 conceditur
1933 991 1975 1025 et
2006 999 2096 1039 pax

179 1068 327 1108 datur.
394 1069 497 1108 N'on
527 1072 673 1107 tamen
707 1067 867 1107 idcirco
906 1068 1140 1120 virginitas
1178 1067 1226 1106 in
1261 1066 1440 1105 ecclesia
1473 1064 1644 1117 deficit,
1690 1068 1770 1103 aut
1810 1065 2096 1104 continentiae

175 1147 450 1200 propositam
484 1146 720 1198 gloriosum
745 1160 829 1200 per
862 1148 1009 1186 aliena
1039 1150 1219 1199 peccata
1249 1145 1495 1196 languescit
1514 1139 1545 1179 4.
1605 1140 1689 1181 Sed
1717 1141 1824 1180 hanc
1857 1141 1968 1181 haud
1997 1154 2096 1180 con-

175 1228 350 1264 stantem
397 1224 581 1264 ecclesiae
629 1223 838 1264 Africanae
882 1224 1010 1263 fuisse
1050 1223 1217 1272 praxim
1255 1221 1378 1259 docet
1421 1233 1461 1272 p.
1491 1220 1586 1258 110.
1659 1221 1725 1260 Et
1764 1221 1934 1273 quidem
1982 1221 2100 1274 apud

179 1308 473 1344 antecessores
522 1310 696 1344 nostros
747 1302 994 1357 (Episcopos
1048 1299 1248 1339 Ecclesiae
1306 1310 1388 1338 non
1435 1298 1567 1337 solum
1617 1296 1963 1349 Carthaginiensis
2023 1297 2096 1337 sed

175 1381 376 1423 universae
412 1382 646 1430 Africanae,
696 1382 764 1433 qui
800 1384 893 1420 autc
931 1392 1026 1419 eum
1063 1378 1253 1426 fuerunt,
1299 1389 1350 1417 ex
1384 1390 1462 1416 usu
1506 1375 1707 1427 ’loquendi
1755 1376 1834 1428 ipsi
1878 1374 2096 1430 peculiari)

175 1461 349 1514 quidam
376 1461 429 1501 de
457 1462 690 1516 Episcopis
718 1461 818 1501 istic
857 1460 904 1499 in
930 1459 1163 1513 provincia
1196 1462 1351 1498 nostra
1389 1456 1581 1497 dandam
1606 1470 1758 1510 pacem
1787 1456 1973 1496 moechis
2003 1469 2092 1496 non

172 1545 473 1592 pataverunt,
525 1546 570 1580 et
607 1542 654 1580 in
689 1544 830 1581 totam
861 1539 1153 1593 poenitentiae
1191 1538 1332 1577 locam
1374 1541 1530 1576 contra
1567 1534 1790 1575 adulteria
1823 1536 2091 1576 clauserant.

176 1616 266 1669 Ipse
311 1619 421 1657 enim
459 1618 503 1658 in
539 1619 693 1659 mitiori
729 1618 842 1658 stetit
880 1617 1104 1665 sententia,
1148 1615 1194 1655 id
1236 1614 1344 1667 quod
1383 1617 1534 1667 praeter
1567 1613 1706 1653 locum
1747 1625 1843 1653 mox
1879 1613 2095 1653 excitatum

177 1695 278 1738 alius
311 1696 398 1751 (ep.
428 1697 469 1736 4.
500 1710 540 1748 p.
568 1693 630 1748 9.)
665 1696 848 1744 indicat,
894 1707 974 1746 quo
1008 1694 1172 1733 feminis
1208 1693 1401 1732 adulteris
1438 1692 1689 1745 poenitentia
1725 1692 1978 1731 conceditur.
2043 1691 2097 1732 Si

175 1775 230 1817 de
261 1777 323 1815 eis
358 1776 468 1824 (quac
506 1775 556 1814 ad
585 1774 806 1822 masculos,
847 1773 1040 1825 intelligit
1069 1776 1203 1812 autem
1230 1771 1459 1820 Diaconos,
1503 1783 1679 1811 reversae
1706 1770 1903 1820 fuerint),
1945 1771 2092 1824 aliqua

177 1860 386 1907 corrupta
421 1854 572 1906 fuerit
609 1852 908 1906 deprehensa,
951 1851 1058 1905 agat
1093 1852 1414 1905 poenitentiam
1450 1851 1663 1904 plenam,·
1713 1851 1833 1904 quia,
1881 1861 1979 1903 quoe
2016 1849 2094 1888 lzoc

180 1933 343 1973 crimen
369 1932 572 1979 admisit,
618 1945 707 1972 non
735 1932 913 1979 mariti,
958 1931 1037 1970 sed
1067 1930 1234 1971 Christi
1261 1928 1466 1969 adultera
1504 1933 1593 1975 est,·
1639 1933 1683 1969 et
1711 1927 1830 1976 ideo,
1876 1928 2092 1968 aestimato

171 2011 294 2063 justo
328 2016 545 2063 tempore,
586 2016 764 2064 postea,
807 2010 1100 2063 exomologesi
1109 2010 1289 2061 facta,
1314 2007 1374 2048 ad
1401 2008 1625 2047 ecclesiam
1658 2006 1824 2047 redeat.

353 2087 393 2127 3.
449 2087 694 2141 Hujusmodi
721 2088 910 2128 homines
937 2099 1052 2127 more
1079 2087 1201 2127 solito
1232 2098 1323 2126 cum
1355 2086 1528 2125 ecclesia
1550 2085 1928 2133 reconciliabantur,
1957 2094 2091 2134 neque

178 2166 359 2209 diversus
402 2168 446 2209 in
479 2167 620 2209 Africa
658 2167 787 2225 fuisse
818 2165 981 2206 videtin·
1012 2166 1115 2206 ritus
1128 2163 1158 2204 ⁵.
1216 2163 1411 2216 Episcopi
1442 2164 1595 2215 ubique
1627 2162 1995 2212 reconciliabant⁶‚
2039 2163 2089 2202 iis

271 2335 358 2367 sunt
383 2335 519 2375 cetera,
543 2332 714 2368 retundit
727 2332 987 2367 Tertullianus
1004 2331 1108 2366 libro
1249 2328 1530 2375 injungebatur.
1587 2329 1722 2365 Routh
1748 2329 1834 2364 Rel.
1865 2328 1987 2363 Sacrae
2016 2328 2086 2364 III.

274 2403 319 2437 (le
345 2401 572 2439 idololatria.
620 2403 679 2438 Cf.
705 2403 922 2439 Neandrum
943 2402 987 2439 G.
1004 2402 1039 2438 d.
1060 2401 1106 2437 T.
1247 2411 1287 2444 p.
1303 2400 1382 2434 414.
1968 2378 1993 2380 st

231 2505 234 2507 ·
271 2483 307 2517 P·
328 2470 385 2506 36⁶
1202 2492 1220 2522 5
1244 2493 1509 2539 Exomologesis
1515 2492 1768 2539 prosternendi
1779 2496 1812 2527 et
1824 2491 2089 2535 humilificandi

227 2589 247 2618 4
278 2588 323 2624 In
361 2587 519 2623 concilio
562 2586 759 2634 Ancyram)
807 2588 911 2635 (post
952 2588 1108 2624 initium
1248 2563 1397 2598 hominis
1410 2564 1602 2609 disciplina
1616 2568 1669 2598 est
1693 2565 1763 2597 etc.
1790 2562 1835 2596 de
1856 2559 2087 2606 poenitentia

273 2658 391 2693 seculi
403 2658 466 2693 IV.
481 2668 576 2693 anno
597 2656 749 2692 circiter
768 2656 868 2705 315.)
889 2669 1027 2694 canone
1049 2658 1107 2694 2⁰.
1249 2645 1278 2668 θ’
1294 2633 1328 2669 9·
1355 2634 1400 2668 de
1424 2633 1609 2679 PUdiCifia
1633 2644 1663 2667 θ’
1683 2631 1740 2667 13·

273 2726 443 2764 moechis
481 2731 626 2774 septem
662 2737 847 2764 annorum
876 2727 1108 2773 poenitentia
1203 2725 1220 2755 6
1245 2726 1302 2762 Dc
1329 2725 1515 2772 pudicitia
1540 2737 1571 2760 c.
1595 2724 1650 2760 14.
