2341 3340
1191 145 1293 194 244

1031 289 1261 342 Conjuncto
1315 286 1456 339 itaque
1507 287 1625 327 unito
1677 286 1833 338 gemitu
1882 288 1934 329 ad
1978 288 2200 335 Dominum

1485 365 1631 407 Statim
1661 370 1754 418 post
1782 368 2005 409 orationem
2036 369 2201 413 dolores

276 299 461 355 ejusdem
511 295 603 349 spei
650 291 945 345 relinquerent.

277 380 505 421 orationem
537 373 733 415 fuderunt
770 375 864 413 ante
892 370 1060 411 tertium
1089 369 1199 409 diem
1229 366 1420 407 muneris.

277 458 522 499 invaserunt.
587 453 644 493 Et
679 465 771 493 cum
802 453 878 504 pro
918 449 1091 491 naturali
1130 446 1374 487 difficultate
1417 445 1550 485 octavi
1587 446 1738 485 mensis
1776 446 1821 485 in
1855 450 1974 500 partu
2013 448 2202 491 laborans

277 536 451 584 doleret,
485 534 541 573 ait
571 532 631 573 illi
662 532 827 584 quidam
856 543 907 572 ex
935 528 1130 570 ministris
1160 522 1598 584 cataractariorum¹4⁹nz
1655 524 1758 575 Quae
1789 525 1913 565 modo
1943 526 2072 576 doles,
2102 526 2202 580 quid

275 615 407 655 facies
453 611 616 665 objecta
653 611 823 660 bestiis,
878 621 977 663 quas
1020 604 1304 653 contemsisti‚
1346 616 1440 644 cum
1482 603 1715 643 sacrificare
1758 604 1925 644 noluisti
1948 604 1970 645 ’.ὶ
2039 604 2096 646 Et
2129 605 2202 646 illa

274 691 518 746 respondit:
577 690 709 732 Modo
743 702 820 743 ego
860 689 992 742 patior
1021 685 1132 739 quod
1165 684 1324 737 patior:
1370 681 1458 722 illic
1497 685 1635 721 autem
1676 681 1777 721 alius
1812 684 1891 723 erit
1925 683 1968 724 in
1998 697 2088 733 me,
2129 685 2202 737 qui

275 774 456 826 patietur
484 784 561 825 pro
596 783 663 811 me
678 767 754 819 ¹⁵⁰,
803 768 896 820 quia
928 770 971 806 et
1003 777 1081 819 ego
1116 777 1191 815 pro
1219 763 1291 802 illo
1320 765 1487 814 passura
1519 773 1622 802 sum.
1675 760 1741 803 ,Ita
1772 762 1891 803 enixa
1918 766 1981 803 est
2008 763 2200 816 puellam,

276 863 397 904 quam
426 851 503 890 sibi
538 849 723 901 quaedam
755 859 872 885 soror
898 846 942 884 in
973 845 1100 883 filiam
1130 842 1319 882 educavit
1331 839 1398 881 ¹5¹.

455 927 523 967 16.
596 924 797 976 Quoniam
838 934 936 974 ergo
975 919 1185 973 permisit,
1238 922 1281 958 et
1314 920 1590 970 permittendo
1634 920 1764 961 voluit
1804 919 1981 973 Spiritus
2028 917 2202 960 Sanctus

274 1008 464 1050 ordinem
500 1004 628 1058 ipsius
661 1002 845 1043 muneris
873 998 1106 1046 conscribi,
1151 997 1230 1037 etsi
1266 996 1427 1048 indigni
1462 997 1514 1036 ad
1545 1000 1873 1051 supplementum
1906 1002 2029 1040 tantae
2060 999 2203 1053 gloriae

274 1084 616 1134 describendum,
654 1086 791 1123 tamen
822 1079 936 1133 quasi
963 1076 1195 1118 mandatum
1224 1075 1490 1116 sanctissimae
1522 1074 1763 1129 Perpetuos,
1807 1078 1932 1117 immo
1962 1078 2061 1118 fidei
2090 1090 2202 1120 com-

272 1166 443 1208 missum
473 1165 563 1217 ejus
594 1156 920 1214 exequimur1⁵2:
977 1169 1105 1197 unum
1133 1154 1374 1208 adjicientes
1410 1147 1700 1195 documentum
1733 1156 1785 1195 de
1814 1157 1941 1208 ipsius
1977 1158 2203 1196 constantia

274 1249 317 1286 et
345 1245 469 1285 animi
501 1242 763 1283 sublimitate.
821 1238 925 1279 Cum
959 1250 983 1277 a
1022 1235 1208 1275 Tribuno
1247 1233 1484 1285 castigatius
1523 1246 1574 1274 eo
1604 1237 1875 1275 tractarentur
1891 1233 1972 1284 ¹⁵33
2023 1235 2117 1288 quia
2150 1247 2202 1276 ex

271 1322 619 1365 admonitionibus
651 1320 865 1360 hominum
895 1315 1206 1356 vanissimorum
1237 1313 1467 1361 verebatur,
1498 1324 1552 1352 ne
1584 1314 1922 1355 subtraherentur
1952 1314 2005 1355 de
2035 1325 2202 1354 carcere

270 1401 613 1445 incantationibus
646 1396 845 1451 aliquibus
875 1395 1040 1448 magicis
1055 1391 1130 1440 1543
1178 1391 1221 1431 in
1256 1390 1407 1431 faciem
1443 1392 1482 1431 ei
1519 1392 1755 1445 respondit:
1800 1394 1911 1444 Quid
1940 1393 2083 1446 utique
2118 1404 2200 1433 non

270 1482 473 1536 permittis
505 1480 753 1531 refrigerare
788 1475 946 1523 noxiis,
991 1471 1246 1513 Nobilissimi
1282 1470 1454 1510 Caesaris
1469 1468 1522 1497 155
1555 1472 1742 1521 scilicet,
1783 1476 1825 1512 et
1860 1473 1983 1512 natali
2015 1471 2201 1525 ejusdem

279 1568 2199 1587 W

297 1636 351 1665 1⁴⁹
379 1637 587 1671 Cataractae
608 1635 695 1667 sunt
709 1631 889 1667 fortiores
901 1629 1073 1675 quaedam
1083 1630 1215 1673 portae,

365 1717 447 1751 quae
483 1703 624 1739 catenis
653 1703 833 1738 levantur
865 1705 903 1737 et
938 1699 1214 1741 demittuntur3

367 1779 412 1812 ut
445 1775 639 1810 habentur
676 1773 716 1807 in
755 1772 913 1807 urbium
956 1773 1023 1805 aut
1067 1768 1215 1804 arcium

367 1845 509 1891 januis.
559 1843 635 1890 Qui
663 1843 716 1878 eis
745 1841 918 1888 deputati
944 1843 1076 1882 erant,
1112 1838 1214 1873 ‹lice-

367 1917 511 1955 bantur
563 1912 837 1950 catarractariz'.
909 1912 980 1947 11ae
1012 1911 1074 1944 vcl
1121 1908 1216 1944 olim

367 1985 510 2022 vinctis
562 1982 835 2035 custodiendis
887 1980 1214 2034 'adhibebantur-3

358 2040 467 2092 *unde
497 2057 533 2089 et
558 2051 761 2101 καταράκτης
785 2032 854 2096 pro
882 2062 1033 2085 carcere
1058 2048 1216 2094 ponitur

362 2125 475 2170 apud·
498 2124 614 2157 LXX.
663 2123 806 2156 Jerem.
840 2121 923 2154 XX.
953 2120 987 2154 2.
1024 2119 1063 2152 in
1099 2128 1213 2162 quem

366 2195 496 2229 locum
521 2192 610 2227 vide
636 2190 815 2237 Origenis
839 2189 985 2224 Homil.
1008 2187 1064 2222 18.
1135 2187 1187 2221 Η.

296 2264 348 2295 ¹5⁰
372 2265 516 2309 Nempe
542 2262 719 2297 Christus
738 2261 777 2296 in
794 2257 1034 2305 Martyribus
1051 2256 1211 2303 patiens.

435 2372 438 2375 .
1157 2328 1209 2362 Η.

296 2406 346 2437 151
372 2406 428 2440 De
456 2405 686 2450 praematuro
721 2397 933 2435 Felicitatis
969 2400 1083 2443 partu
1112 2409 1210 2443 prae-

368 2475 472 2510 clara
508 2474 627 2507 habet
658 2469 894 2517 Augustinus
929 2467 1111 2502 Sermone
1140 2465 1210 2502 281

365 2556 470 2579 novae
492 2541 669 2577 editionis
691 2538 1079 2585 (Benedictinorum).
1135 2537 1184 2571 R.

295 2615 347 2645 152
378 2614 523 2658 Nempe
554 2600 669 2656 supra
703 2622 733 2644 c.
765 2609 821 2644 10.
871 2608 1061 2653 Perpetua
1090 2607 1206 2642 dixit:

365 2685 476 2731 ipsius
497 2687 618 2717 autem
639 2681 794 2716 muneris
821 2684 962 2721 actum,
999 2678 1032 2714 εἰ
1048 2679 1127 2724 quis
1147 2689 1207 2713 vo-

362 2755 485 2795 lucrit,
520 2752 666 2787 scribat.
727 2750 775 2785 R.

1285 1625 1340 1655 153
1364 1627 1455 1662 Cod.
1475 1627 1611 1663 salisb.
1634 1630 1672 1662 et
1693 1626 1899 1671 Compend.
1933 1626 2025 1660 'Avia
2056 1626 2200 1660 tribuno

1356 1698 1570 1743 castigante
1599 1709 1656 1733 eos
1689 1702 1725 1732 et
1751 1697 1846 1731 male
1868 1699 2078 1737 tractante,
2112 1707 2199 1741 quo-

1355 1767 1456 1801 niam
1485 1779 1527 1802 ex
1553 1767 1854 1802 admonitionibus
1887 1771 1952 1801 etc.
2002 1766 2200 1801 Tribunus
2223 1751 2225 1753 Ι

1356 1848 1455 1883 aegre
1486 1837 1744 1882 permittebat,
1779 1839 1822 1870 ut
1851 1835 1928 1870 cibi
1950 1835 2198 1877 inferrentur,

1356 1907 1456 1941 unde
1496 1906 1707 1941 Christiani
1745 1905 1877 1940 diariis
1919 1904 2031 1940 solito
2070 1905 2197 1940 tenui-

1851 1974 1914 2009 Sic

1286 2048 1288 2050 ’
1354 2046 1554 2091 castigatio
1585 2045 1724 2086 victus,
1763 2039 1965 2088 jejunium*
1995 2046 2062 2078 aut
2089 2043 2197 2079 cibun

1356 1976 1486 2012 oribus
1527 1976 1789 2021 pascebantur.
1956 1974 2197 2008 Tertulliano

1354 2115 1515 2160 parcior.
1606 2114 1657 2148 H.

1281 2207 1337 2237 154
1367 2207 1430 2243 Sic
1465 2207 1506 2242 S.
1533 2206 1707 2253 Ignatius
1753 2219 1809 2252 ep.
1843 2207 1891 2242 ad
1930 2206 2197 2253 Philippenses

1352 2277 1526 2324 queritur
1549 2278 1595 2311 «le
1614 2280 1816 2324 συκοφαντίᾳ
1837 2280 1983 2324 μαγείας,
2007 2277 2193 2314 Christia-

1350 2347 1408 2383 nis
1438 2347 1614 2393 impacta.
1685 2348 1737 2382 H.

1279 2439 1335 2470 155
1368 2441 1529 2484 Nomos,
1560 2438 1786 2494 ucofot'tpyove„
1824 2440 2062 2476 Christianos
2100 2441 2193 2478 dicit

1351 2510 1563 2547 Gentilium
1587 2523 1698 2545 sensu
1726 2512 1933 2556 verboque,
1962 2511 2054 2547 licet
2082 2511 2189 2547 inno-

1350 2584 1489 2615 centes.
1545 2582 1819 2623 Nobilissimus,
1856 2581 2058 2626 appellatio
2090 2581 2190 2615 filio-

1349 2662 1436 2686 rum
1453 2652 1700 2696 Imperatoris
1715 2657 1806 2686 natu
1820 2651 2011 2686 minorum
2023 2650 2188 2696 propria.

1353 2722 1519 2764 Coesart's,
1545 2723 1660 2757 Getoe.
