2341 3340
1044 166 1111 211 69

307 303 582 345 Tertullianus
607 302 714 343 enim
734 298 907 342 candide
935 301 1100 352 fatetur,
1130 300 1205 357 (ad
1226 294 1305 343 nat.
1323 303 1353 343 1.
1376 316 1411 344 c.
1422 301 1485 357 5.)
1504 305 1547 346 in
1569 306 1808 350 Christianis
1826 315 2036 367 pessimos

127 397 219 425 esse
247 390 292 425 et
315 384 665 438 probrosisstmos
693 382 899 430 avaritia,
934 382 1109 422 lua-uria
1138 383 1492 437 etimprobitate
1522 386 1740 438 quosdam.
1799 389 1859 430 De
1885 388 2034 433 iisdem

125 461 191 502 his
219 462 325 502 vitiis
349 460 529 512 queritur
559 459 795 511 Cyprianus,
823 454 962 510 iisque
984 460 1072 499 sine
1097 459 1220 499 dubio
1252 461 1393 509 auctis,
1424 473 1545 513 quum
1577 475 1654 516 pax
1686 465 1871 507 ecclesiae
1900 483 2036 511 mores

127 541 385 593 corrupisset.
461 537 507 577 In
552 538 656 577 libro
702 538 754 576 de
793 539 948 577 unitate
999 540 1186 579 ecclesiae
1231 542 1489 580 emarcuisse
1541 541 1639 581 dicit
1670 544 1788 597 fidei
1826 548 2032 600 vigorem,

126 621 391 671 elanguence
435 618 786 657 Christianorum
828 618 993 659 robore.
1054 617 1331 658 Vehementer
1370 631 1532 669 quoque
1568 621 1772 661 invehitur
1807 625 1851 664 in
1886 625 2032 666 divites

124 708 261 736 avaros
285 700 328 735 et
355 695 541 748 injustos,
579 694 655 749 (de
683 694 890 734 Eleemos.
916 709 955 748 p.
978 694 1095 749 203.)
1123 697 1167 735 in
1197 697 1394 736 aleatores
1425 695 1500 749 (de
1531 697 1795 749 aleatoribus,
1832 703 1866 741 si
1896 695 2032 745 tamen

122 773 244 826 hujus
273 774 368 813 libri
397 778 460 812 est
481 771 655 825 auctor.)
715 773 760 812 In
784 774 888 813 libro
914 774 965 813 (16
990 776 1110 827 lapsis
1134 789 1174 828 p.
1195 775 1288 814 123.
1319 778 1550 826 corruptam
1571 776 1735 816 barbam
1757 779 1852 818 viris
1879 781 2031 832 objicit.

121 851 265 903 Neque
291 853 469 891 minores
497 852 837 903 reprehensiones
868 854 1130 893 incurrebant
1152 857 1346 892 matronae
1367 858 1489 904 atque
1511 854 1700 906 virgines.
1759 856 2033 899 Tertullianus

122 931 229 969 enim
258 931 301 969 in
330 931 443 969 libris
469 929 519 968 de
548 930 729 969 velandis
757 916 1009 984 virginibus,
1046 933 1098 972 de
1121 916 1269 971 ,habitu
1296 918 1511 980 muliebri,
1555 932 1607 971 de
1639 919 1755 972 eultu*
1778 934 2033 986 feminarum,

121 1008 334 1047 mulierum
364 1008 549 1059 inprimis
579 1009 716 1048 luxum
746 1013 866 1060 atque
895 1011 1123 1062 superbiam
1152 1011 1301 1049 acriter
1330 1011 1470 1062 carpit,
1503 1014 1546 1050 et
1578 1024 1817 1063 quamquam
1846 1016 2034 1057 lubentes

119 1086 307 1134 fatemur,
336 1090 540 1126 austerum
568 1086 873 1139 Presbyterum,
901 1088 1166 1128 Montanismi
1190 1091 1356 1141 insuper
1384 1089 1542 1142 placitis
1565 1091 1776 1141 imbutum,
1808 1090 2034 1153 ἀδιάφορα

120 1177 282 1216 quoque
311 1165 517 1204 interdum
547 1166 801 1218 vituperare,
846 1168 954 1206 clare
989 1171 1125 1207 tamen
1169 1166 1220 1207 ex
1262 1169 1438 1219 querelis
1482 1172 1525 1207 et
1562 1169 1903 1211 admonitionibus
1942 1175 2032 1226 ejus

54 1239 58 1244 ”
119 1244 273 1292 elucet,
313 1257 432 1295 quam
460 1244 615 1284 fuerint
652 1246 795 1284 molles
826 1250 868 1284 et
896 1246 1081 1284 delicatae
1110 1246 1287 1297 virgines
1325 1249 1368 1284 et
1405 1249 1628 1295 matronae,
1666 1249 1840 1288 maxime
1865 1250 2032 1293 Cartha-

119 1323 334 1375 ginienses,
351 1323 619 1374 placendique
646 1323 785 1362 furore
813 1328 914 1362 actae
946 1324 1205 1374 incitataeque
1233 1323 1297 1362 vel
1326 1323 1604 1384 afflictissimis
1637 1328 1901 1378 temporibus,
1937 1331 2032 1370 dum

116 1401 182 1440 vel
210 1402 409 1441 instarent
436 1401 501 1440 vel
531 1407 766 1453 premerent
787 1403 1108 1455 persecutiones.
1164 1401 1399 1454 Virginibus
1427 1405 1717 1456 petulantiam
1748 1408 2033 1459 exprobravit2,

118 1481 432 1534 impudentiam
478 1485 769 1523 ostentatitioe
803 1484 1099 1536 virginitatis,
1134 1477 1441 1522 nundinaticia
1466 1484 1642 1536 capitem
1683 1485 1851 1535 respicit
1883 1487 2031 1528 librum

118 1559 369 1611 suppositum
396 1560 619 1609 Henochi,
662 1561 730 1612 qui
768 1574 908 1600 omnes
944 1561 1033 1600 illas
1070 1561 1259 1613 placendi
1299 1565 1406 1600 artes
1438 1560 1494 1605 ab
1538 1561 1691 1612 angelis
1736 1562 1788 1601 de
1824 1566 1938 1604 coelo
1980 1567 2031 1605 ad

118 1636 222 1683 filias
258 1637 469 1678 hominum
521 1640 732 1678 ruentibus
773 1639 954 1691 proditas
1003 1652 1094 1678 esse
1138 1640 1333 1678 docuerat
1369 1638 1444 1693 (de
1481 1639 1623 1678 habitu
1660 1641 1851 1681 muliebri
1903 1657 1938 1682 c.
1968 1642 2029 1698 2.)

119 1713 320 1754 Matronis
339 1719 486 1771 capita
503 1718 655 1770 objecit
678 1718 820 1756 mitris
845 1723 888 1756 et
906 1718 1020 1755 lanis
1050 1731 1138 1756 non
1164 1719 1310 1757 velata
1341 1715 1415 1770 (de
1431 1716 1587 1754 veland.
1603 1717 1745 1768 virgin.
1762 1732 1797 1757 c.
1811 1720 1850 1758 3.
1870 1726 1911 1759 et
1926 1720 2028 1775 13.),

120 1796 304 1837 ocnatum
330 1797 372 1832 et
404 1796 575 1841 cultum,
594 1808 598 1812 ’
617 1803 754 1832 curam
788 1794 1033 1843 capillorum
1055 1798 1096 1831 et
1128 1795 1505 1841 m1tis,1et·earum
1533 1797 1731 1847 partium
1761 1812 1854 1849 quoe
1883 1804 2029 1843 oculos

119 1871 323 1918 trahunt,
361 1877 487 1924 atque
514 1861 678 1911 sumtus
706 1870 952 1910 immodicos
993 1869 1066 1924 (de
1100 1871 1242 1910 habitu
1270 1872 1488 1910 mulierum
1515 1884 1550 1910 c.
1574 1871 1614 1909 4.
1645 1870 1779 1926 sequ.)
1813 1877 1854 1915 in
1885 1881 2028 1929 quibus

118 1948 440 1988 accusationibus
460 1948 650 2001 Cypriani
678 1949 785 1988 liber
815 1949 889 1989 sub
914 1948 1059 1988 ecdem
1079 1950 1197 1989 titulo
1215 1950 1348 1989 editus
1371 1954 1412 1989 et
1430 1950 1614 2002 ejusdem
1635 1954 1811 1992 auctoris
1834 1958 2027 2000 tractatus

118 2027 170 2067 (16
208 2027 362 2080 lapsis3
404 2040 496 2067 cum
536 2040 585 2067 eo
622 2028 741 2079 plane
774 2028 1018 2080 conspirant.
1091 2029 1248 2070 Vultus
1279 2033 1479 2083 praeterea
1503 2031 1615 2082 suco
1642 2033 1803 2085 pictos,
1845 2040 2026 2091 capillos

163 2212 183 2240 2
204 2214 379 2259 Virgines
391 2214 505 2248 nimis
526 2217 675 2248 mature
699 2215 745 2248 ad
765 2214 918 2260 negotia
932 2214 1046 2256 mitti,
1188 2217 1326 2250 turalz'a
1351 2217 1595 2259 observantur,
1621 2220 1727 2263 quasi
1743 2214 1837 2256 αἶίιιε
1858 2222 1906 2258 sit
1926 2225 2025 2261 Deus

210 2282 367 2317 inuuere
393 2283 559 2326 videtur,
580 2285 624 2318 de
639 2283 809 2318 velandis
831 2284 1046 2330 virginibus
1187 2290 1329 2320 naturae
1348 2298 1455 2337 quam
1478 2293 1608 2323 noster.

212 2363 242 2386 c.
267 2352 323 2386 11.
370 2354 528 2395 ΕΐῘιηίοί,
554 2354 699 2398 inquit,
719 2355 882 2397 feminas
909 2367 932 2388 a
959 2355 1047 2388 (iuo-

211 2423 324 2455 decim
372 2425 476 2457 annis
519 2424 568 2456 ad
607 2425 757 2469 negotia
789 2425 936 2458 mittunt
947 2450 1045 2459 .....
1138 2426 1158 2471 ἕξ
1182 2424 1223 2459 P.
1247 2425 1326 2460 123.
1368 2427 1545 2472 corrupta
1567 2429 1680 2463 barba
1706 2430 1743 2463 in
1765 2432 1867 2474 viris,
1900 2433 1937 2467 ίπ
1957 2436 2020 2479 se-

205 2493 432 2536 pubertatem
456 2492 493 2524 in
517 2494 634 2534 annis,
668 2506 738 2527 non
762 2494 985 2537 sponsalibus
1010 2498 1045 2528 et
1183 2495 1290 2529 minis
1335 2498 1460 2539 forma
1495 2500 1642 2541 fucata.
1702 2501 1911 2537 Adulter-ati
1940 2509 2021 2548 post

209 2561 344 2604 nuptiis
374 2561 707 2597 decernentes.e....
755 2564 1046 2606 Materfamz‘lc'as
1184 2564 1254 2598 Dei
1275 2575 1404 2600 manus
1428 2567 1544 2610 oculi,
1581 2570 1707 2615 capilli
1742 2572 1927 2607 mendacio
1963 2586 2020 2608 co—

208 2635 369 2671 vocatur,
396 2630 480 2665 licet
501 2631 606 2676 virgo
617 2656 714 2666 .....
735 2644 760 2667 α
780 2633 879 2668 nobis
895 2645 961 2668 nec
976 2645 1045 2668 na-
1186 2633 1305 2669 lot-ati.
