2341 3340
1192 181 1227 228 6

246 321 290 361 in
319 320 478 361 lecticis
495 325 768 375 portarentur,
801 334 848 361 ea
866 334 948 362 non
966 322 1009 362 in
1032 322 1201 362 urbibus
1223 325 1395 372 tantum,
1422 335 1566 365 verum
1581 325 1704 366 etiam
1731 338 1828 366 rure
1850 324 2169 368 asanez-dotibus

245 399 348 439 lucri
372 402 530 452 cupidis
561 403 796 441 circumlata
824 401 952 440 fuisse
974 402 1096 459 facile
1117 402 1370 454 intelligitur.
1427 401 1506 441 Diu
1524 415 1621 443 vero
1638 405 1680 445 in
1696 403 1783 443 toto
1797 404 1877 443 hoc
1893 407 2026 443 tractu
2037 405 2169 445 omnis

245 480 406 531 generis
437 486 542 521 artes
572 481 824 520 divinatoriae
853 483 974 532 atque
1004 480 1172 532 magicae
1196 485 1529 532 permanserunt;
1572 495 1670 532 quas
1700 483 1843 534 quarto
1865 482 1999 522 adhuc
2027 483 2169 523 seculo

244 563 419 598 exeunte
450 560 561 599 haud
583 562 626 600 in
651 561 897 600 oblivionem
917 559 1078 607 abiisse,
1108 562 1280 598 testatur
1302 564 1432 599 canon
1457 560 1514 599 89
1535 560 1711 601 Concilii
1735 560 1804 601 IV.
1821 560 2169 614 Carthaginiensis

243 649 349 677 anno
381 638 466 677 398
499 640 722 678 celebrati:
767 639 820 679 de
858 639 923 678 hz‘s
960 638 1037 693 qui
1078 639 1282 691 auguriis
1321 640 1391 679 vel
1437 640 1813 681 incantationibus
1858 642 1926 682 vel
1961 641 2169 682 ›Judaz‘cis

244 719 632 772 superstitionibus
665 720 879 759 serviunt.

422 796 575 837 Haecce
622 801 758 837 autem
810 797 944 836 omnia
989 796 1181 836 brevibus
1219 796 1396 837 indicata
1431 797 1566 851 potius
1618 811 1738 850 quam
1790 799 1974 851 exposita
2028 802 2164 839 sunto.

240 872 462 925 Lectores,
507 877 543 916 si
582 877 650 928 qui
685 876 802 928 plura
829 876 1047 928 curpiunt,
1097 876 1304 928 ablegatos
1338 877 1462 917 velim
1504 876 1556 916 ad
1594 878 1745 917 librum
1781 890 1901 929 quem
1942 869 2168 918 Theotisca

241 967 347 994 anno
393 955 501 994 1822
540 956 829 1007 deAreligione
866 954 1262 1008 Carthaginiensium
1296 955 1435 1005 edidi,
1477 957 1521 995 in
1554 969 1633 1009 quo
1665 969 1747 996 non
1789 960 1975 996 veterum
2009 960 2167 997 tantum

241 1032 474 1073 Poenorum
515 1034 590 1074 sed
638 1035 875 1073 colonorum
923 1047 1087 1087 quoque
1138 1035 1417 1076 Romanorum
1463 1037 1798 1088 superstitioneS‚
1856 1039 2051 1088 quantum
2091 1048 2168 1089 per

242 1114 455 1165 penuriam
498 1114 676 1152 fontium
726 1113 876 1162 licuit,
923 1115 1126 1155 recensui.
1211 1115 1300 1155 Jam
1343 1127 1466 1164 vero,
1515 1115 1659 1155 relicta
1697 1115 1838 1155 Africa
1879 1115 2069 1165 ethnica,
2114 1113 2166 1155 ad

239 1191 440 1233 Ecclesiae
472 1192 716 1232 Christianae
743 1192 788 1231 in
819 1204 869 1231 ea
901 1193 1078 1234 conditae
1115 1195 1233 1234 initia
1262 1194 1543 1247 investiganda
1573 1195 1750 1234 animum
1781 1194 2050 1236 advertamus.

975 1443 1195 1503 CAP.
1281 1443 1439 1502 III.

507 1545 781 1595 Eccmasm
830 1546 1117 1588 AFRICANA
1166 1544 1285 1586 NON
1328 1544 1470 1585 FUrr
1526 1544 1894 1587 APos'roLch.

238 1720 277 1760 1.
338 1691 514 1763 Seculo
542 1725 636 1773 post
666 1720 877 1760 Christum
908 1722 1051 1760 natum
1081 1720 1238 1771 primu,
1275 1730 1357 1769 quo
1385 1717 1464 1769 ipsi
1495 1717 1683 1769 Apostoli
1712 1718 1929 1758 ecclesiam
1957 1723 2164 1766 rexerunt,

237 1801 394 1841 semina,
424 1800 635 1852 religionis
658 1798 903 1838 Christianae¹
935 1798 979 1836 in
1009 1796 1151 1836 Africa
1184 1809 1320 1847 sparsa
1341 1797 1429 1847 jam
1461 1795 1610 1842 fuisse,
1649 1797 1753 1835 nihil
1783 1800 1848 1835 est
1879 1797 1990 1848 quod
2012 1798 2163 1836 innuat.

236 1878 352 1931 Lego
376 1878 543 1930 quidem
559 1877 883 1929 Metaphrastam
906 1875 1069 1915 tradere
1078 1873 1108 1924 ¹,
1137 1873 1308 1914 Petrum
1322 1874 1565 1926 Apostolum
1586 1878 1679 1926 post
1693 1873 1917 1914 Romanam
1934 1875 2163 1915 Ecclesiam

237 1958 478 2007 ordinatam,
512 1961 764 2008 caeterasque
792 1955 1021 2007 complures
1050 1954 1093 2000 in
1123 1953 1293 1993 (liversis
1321 1953 1424 1994 locis
1453 1951 1652 2002 conditas,
1683 1952 1971 2006 Carthaginem
1996 1955 2161 1994 tandem

235 2038 416 2086 venisse3
460 2037 529 2089 qui
559 2049 672 2085 vero,
705 2036 796 2088 ipso
825 2034 1001 2075 Bal-onio
1022 2029 1181 2087 judice,
1211 2045 1305 2072 cum
1333 2032 1461 2071 multa
1484 2031 1707 2071 admisceat
1729 2036 1971 2081 commenta,
2008 2034 2162 2073 nullam

236 2129 402 2168 prorsus
417 2116 459 2156 in
473 2116 538 2156 his
553 2119 735 2155 meretur
749 2115 907 2154 fidem2.
965 2113 1111 2165 Neque
1127 2112 1271 2165 majori
1290 2111 1374 2151 fide
1391 2111 1536 2164 dignus
1552 2111 1715 2150 videtur
1729 2110 2161 2161 Pseudo-Dorotheus,

237 2197 334 2236 licet
360 2196 543 2248 pluribus
573 2195 720 2235 seculis
746 2194 972 2246 antiquior,
1005 2193 1050 2233 in
1077 2192 1242 2244 synopsi
1271 2191 1322 2230 de
1345 2191 1427 2230 vita
1455 2190 1746 2242 Apostolorum
1778 2193 1822 2229 et
1844 2188 2158 2242 Prophetarum,

237 2276 308 2328 qui
341 2279 525 2315 veterem
561 2273 615 2314 de
649 2274 867 2327 provinciis
905 2272 1015 2312 orbis
1044 2276 1245 2312 terrarum
1287 2271 1396 2311 inter
1427 2270 1648 2323 Apostolos
1683 2282 1759 2323 per
1793 2272 1948 2309 sortem
1985 2269 2125 2308 divisis
2142 2268 2160 2296 3

235 2354 415 2395 fabulam
446 2357 635 2404 secutus‚›
661 2352 846 2394 Africam
876 2351 1035 2392 Simoni
1067 2351 1225 2392 Zelotae
1255 2350 1440 2390 evenisse
1471 2347 1661 2397 scribit43
1700 2347 1812 2401 quod
1841 2360 2005 2400 quoque
2032 2348 2160 2388 habet

283 2512 298 2540 1
325 2512 374 2546 aa
397 2511 444 2545 29
469 2509 565 2546 Jun.
1265 2506 1286 2534 4
1311 2505 1458 2540 Vixisse
1472 2490 1614 2539 dicum?
1629 2503 1694 2538 hic
1705 2503 1936 2546 Dorotheus,
1955 2501 2155 2548 TyriEpi-

281 2581 299 2609 2
328 2580 460 2617 Annal.
485 2580 534 2616 ad
559 2591 643 2615 ann.
673 2579 763 2615 Chr.
791 2580 847 2614 44,
875 2581 908 2623 3.
938 2578 996 2613 39.
1319 2586 1465 2620 scopus,
1482 2574 1659 2608 omnibus
1673 2573 1842 2619 ignotus,
1863 2575 2021 2606 exeunte
2039 2572 2154 2607 tertio

281 2650 298 2676 3
323 2652 379 2685 De
404 2651 476 2685 hac
497 2650 570 2696 'per
596 2653 748 2687 sortem?
768 2648 956 2683 divisione
985 2647 1074 2682 vide
1090 2659 1171 2692 quae
1313 2649 1351 2680 et
1395 2644 1548 2678 ineunte
1583 2647 1718 2688 quarto
1757 2642 1906 2684 secum,
1960 2653 2078 2686 usque
2106 2642 2155 2676 ad

330 2730 451 2766 nuper
482 2719 634 2765 scripsit
671 2719 822 2754 doctiss.
851 2718 970 2753 Thilo
998 2717 1038 2752 in
1076 2717 1170 2751 actis
1318 2714 1465 2750 Juliani
1488 2715 1584 2758 Imp.
1605 2717 1791 2758 tempora,
1815 2711 1885 2746 sub
1907 2722 1980 2756 quo
2004 2710 2153 2755 Marty-

329 2790 365 2825 S.
393 2789 553 2824 Thomae
578 2789 750 2834 Apostoli
776 2788 897 2834 (Lips.
922 2787 1034 2834 1823)
1057 2799 1093 2833 p.
1111 2787 1168 2822 87.
1311 2786 1412 2820 rium
1438 2784 1600 2818 subiisse
1628 2786 1815 2818 narratur.
1866 2781 1941 2816 Sed
1968 2792 2062 2826 opus
2093 2780 2153 2815 illi
