2341 3340
1064 141 1160 186 153

157 296 326 338 semper
366 285 456 325 illic
486 285 754 326 observatum
782 285 854 331 sit,
887 288 935 324 ut
967 296 1054 324 non
1086 282 1174 323 nisi
1203 295 1333 322 unum
1357 284 1493 323 Deum
1519 296 1751 331 nossemus,
1788 290 1831 325 et
1865 287 2063 325 sanctum

153 363 368 416 baptisma
402 377 489 403 non
521 365 611 402 nisi
636 364 827 402 ecclesiae
851 368 1196 414 computaremus
1210 358 1256 398 ¹⁰.
1316 359 1475 410 ltaque,
1509 374 1631 411 quum
1665 363 1952 411 Tertullianus,
1993 362 2062 412 qui

153 444 248 480 ante
286 441 510 480 Concilium
542 440 750 479 Iconiense
787 439 945 487 floruit,
990 438 1159 478 eandem
1208 437 1313 475 hanc
1351 440 1590 477 sententiam
1630 442 1777 478 acriter
1815 440 2061 488 defenderit,

151 517 262 558 haud
297 520 415 571 plane
456 532 478 557 a
519 518 604 556 veri
644 519 781 569 specie
821 518 1038 565 abhorret,
1086 529 1178 555 eum
1217 514 1388 554 eandem
1432 515 1495 553 vel
1540 518 1711 567 primum
1750 518 1962 567 docuisse,
1996 519 2061 558 vel

150 609 293 636 recens
324 596 572 649 propositam
601 609 673 635 sua
702 596 942 635 auctoritate
985 595 1180 634 firmasse.
1251 593 1297 632 Si
1319 605 1416 632 vero
1452 594 1520 644 qui
1557 597 1733 633 statuere
1767 597 1937 645 malint,
1972 609 2059 636 eam

150 673 296 713 eodem
338 678 522 726 tempore
560 675 603 714 in
650 674 791 714 Africa
834 678 955 726 atque
991 673 1087 713 Asia
1120 676 1252 712 ortam
1284 685 1395 720 esse,
1437 671 1626 722 equidem
1663 671 1772 710 haud
1811 674 2059 726 resi-agaber-

150 750 272 791 Certe
294 765 366 803 per
391 766 574 803 magnam
596 754 781 792 ecclesiae
800 758 954 805 partem
976 752 1111 791 valuit.
1129 741 1134 743 C
1168 750 1250 802 Ipsi
1269 750 1377 789 enim
1394 749 1579 789 Canones
1595 750 1882 801 Apostolorum
1898 753 1963 790 46.
1978 753 2057 802 47„

88 839 90 845 ’
147 833 193 868 ut
222 834 319 870 nota
353 830 381 869 2
417 833 643 873 monuimus
664 860 676 880 ,
717 831 933 870 haereticos
973 830 1224 881 rebaptizare
1256 829 1417 881 jubent.
1481 827 1618 867 Hosne
1656 840 1752 867 vero
1787 827 1987 881 Cypriano
2019 836 2059 872 et

147 905 355 960 Stephano
388 910 438 948 R.
471 910 518 948 Ε.
550 923 640 948 esse
669 910 933 959 antiquiores,
976 909 1096 948 valde
1127 912 1189 947 est
1218 908 1447 959 probabile:
1491 921 1680 959 magnum
1711 912 1845 948 autem
1878 922 2057 952 errorem

146 988 294 1026 erravit
318 987 533 1036 Eusebius,
573 990 839 1042 Cyprianum
864 989 1056 1042 primum
1086 989 1274 1027 omnium
1306 988 1542 1033 censuisse,
1581 989 1761 1026 nonnisi
1785 1003 1869 1042 per
1895 990 2056 1044 baptis-

144 1078 260 1104 mum
290 1068 414 1119 prius
447 1068 706 1107 emundatos
742 1067 1035 1107 admittendos
1072 1079 1163 1106 esse
1181 1063 1239 1113 ¹¹3
1292 1077 1415 1115 quum
1445 1068 1487 1102 et
1525 1065 1612 1115 ipse
1648 1064 1870 1116 Cyprianus
1900 1080 2055 1108 morem

144 1141 361 1182 haereticos
392 1145 669 1197 rebaptizandi
707 1146 755 1185 ab
785 1145 1010 1197 Agrippino
1041 1145 1248 1196 accepisse
1280 1140 1512 1182 fateatur12.

320 1222 360 1260 3.
418 1223 462 1262 In
485 1224 571 1278 <hoc
590 1224 913 1276 Carthaginiensi
933 1222 1115 1260 Concilio
1143 1234 1193 1260 ex
1207 1222 1347 1260 Africa
1368 1220 1652 1259 Proconsulari
1683 1226 1724 1260 et
1739 1222 1928 1263 Numidia
1957 1237 2054 1264 con-

141 1310 289 1339 venere
314 1303 566 1353 septuaginta
594 1302 787 1354 Episcopi
803 1301 850 1340 ¹3.
907 1301 1007 1352 Ejus
1038 1299 1203 1351 quidem
1233 1299 1366 1337 omnia
1400 1301 1507 1345 acta,
1542 1311 1619 1336 una
1649 1313 1740 1338 cum
1771 1301 1897 1350 libro,
1933 1316 2053 1353 quem

139 1378 383 1431 Agrippinus
402 1381 594 1419 adversus
614 1393 684 1419 eos
708 1380 883 1432 scripsit,
904 1379 972 1431 qui
989 1378 1281 1417 haereticorum
1299 1377 1490 1416 iteratum
1507 1376 1747 1428 baptismum
1767 1379 2052 1431 rejecerunt14,

140 1456 291 1497 dudum
322 1459 578 1498 interierunt.
637 1459 987 1498 Commemoratur
1017 1469 1114 1495 vero
1145 1456 1316 1508 saepius,
1362 1455 1546 1507 inprimis
1576 1468 1598 1493 a
1628 1455 1851 1507 Cypriam,
1893 1471 1955 1511 ep.
1983 1459 2052 1499 71.

139 1535 208 1574 ubi
237 1537 287 1575 de
317 1537 515 1589 baptismo
548 1539 858 1577 haereticorum:
907 1535 1260 1590 Quandoquidem
1291 1539 1336 1575 et
1353 1535 1643 1588 AgrippinuS,
1677 1535 1800 1575 bonoe
1831 1540 2051 1579 memoria>

139 1617 232 1661 vir,
266 1630 362 1655 cum
399 1619 554 1657 celeris
585 1618 856 1670 Coepiscopis
890 1618 1001 1662 suis,
1042 1614 1118 1668 qui
1140 1614 1214 1653 illo
1249 1619 1441 1667 tempore
1475 1613 1523 1651 in
1554 1614 1784 1665 provincia
1821 1616 1976 1667 Africa
2006 1623 2050 1657 et

140 1695 350 1735 Numidia
381 1697 600 1734 ecclesiam
630 1696 719 1735 Dei
744 1695 1074 1747 gubernabant,
1123 1692 1310 1738 statuit,
1360 1696 1404 1730 et
1434 1691 1591 1730 librato
1616 1693 1790 1731 consilii
1815 1684 2049 1735 communis

139 1774 339 1811 examine
384 1775 588 1826 firmavit
607 1802 619 1820 ,
675 1786 858 1826 quorum
907 1771 1172 1813 sententiam
1227 1774 1272 1810 et
1318 1769 1567 1821 religiosam
1620 1775 1663 1809 et
1711 1771 1950 1822 legitimam
2003 1779 2048 1813 et

136 1851 406 1898 salutarem,
450 1851 566 1906 fidei
612 1856 656 1890 et
697 1851 909 1890 Ecclesiae
950 1849 1186 1889 catholicoe
1227 1852 1575 1900 congruentem,
1617 1861 1695 1888 nos
1740 1852 1872 1889 etiam
1907 1852 2051 1890 secuti

158 2013 195 2042 1⁰
219 2015 311 2060 Pag.
337 2014 416 2050 226.
1206 2016 1418 2054 nostrornm,
1444 2013 1536 2047 sicut
1560 2014 1716 2055 Hilarii,
1753 2015 1827 2048 sive
1852 2019 2044 2058 antequam

159 2098 194 2126 ῃ
222 2099 321 2134 Hist-
346 2100 488 2134 Eccles·
520 2100 604 2134 VH.
637 2111 666 2134 c·
687 2099 722 2134 3·
1202 2094 1294 2128 pars
1317 2083 1452 2117 Donati
1467 2089 1714 2128 separaretur,
1741 2085 1851 2128 ipsius
1868 2084 2043 2125 unitatis,-

159 2181 274 2217 12*A‹l
289 2184 466 2227 Jubajan.
479 2195 535 2228 ep.
545 2183 602 2217 ¹73.
623 2186 660 2217 et
680 2183 726 2217 ad
741 2182 924 2228 Quintum
939 2193 995 2227 cp.
1008 2181 1064 2216 71.
1205 2152 1299 2185 Sicut
1336 2152 1509 2195 Cypriani
1550 2157 1586 2186 et
1616 2153 1821 2197 Agrippina
1881 2152 2040 2187 contra-

1208 2220 1390 2254 dictiones
1422 2225 1548 2255 autem
1582 2220 1622 2255 in
1649 2220 1781 2255 Africa
1817 2221 2039 2265 perdurasse

163 2265 200 2294 ¹3
223 2266 421 2312 AugUStin'
451 2269 495 2302 de
521 2267 708 2312 baptismo
733 2267 783 2302 H·
810 2279 840 2302 ⁰*
864 2265 921 2302 13‘
1206 2290 1253 2324 ad
1285 2290 1467 2334 Cypriani
1499 2302 1617 2335 usque
1646 2294 1830 2335 tempora,
1859 2289 2040 2335 colligere

159 2357 194 2386 ll
220 2359 304 2393 Hoc
339 2360 469 2405 colligi
500 2372 606 2404 posse
638 2360 792 2394 videtur
830 2371 875 2393 ex
906 2358 1064 2404 epistola
1206 2363 1262 2394 est
1302 2371 1346 2393 ex
1380 2359 1462 2402 ejus
1495 2360 1654 2404 epistola
1677 2360 1733 2394 71.
1762 2360 1809 2394 ad
1842 2359 2040 2404 Quintum,

224 2428 429 2474 Augustini
462 2430 517 2464 48.
546 2429 612 2472 (al.
636 2430 714 2475 93.)
746 2442 776 2464 c.
795 2429 852 2464 10.
886 2429 932 2463 ad
969 2429 1061 2464 Vin-
1203 2428 1242 2463 in
1283 2440 1356 2473 qua
1387 2429 1432 2463 de
1456 2430 1707 2474 proesumtione
1738 2430 1961 2474 quorundum
1995 2429 2039 2463 de

226 2498 391 2532 centium
404 2498 661 2544 Rogatistam:
695 2499 782 2533 Noli
802 2512 903 2545 ergo,
920 2502 1060 2542 frater,
1203 2499 1354 2543 collegis
1389 2499 1520 2533 nostris
1557 2498 1763 2544 (Cypriani
1806 2502 1842 2533 et
1887 2498 2037 2543 Quinti)

227 2572 354 2602 contra
382 2569 528 2609 (licina,
563 2572 640 2602 tam
669 2570 808 2610 multa,
837 2573 913 2602 tam
943 2570 1059 2610 clara,
1199 2567 1382 2611 loquitur,
1407 2572 1448 2600 ut
1466 2572 1610 2612 pateat,
1633 2580 1701 2609 cos,
1727 2569 1789 2613 qui
1807 2569 1905 2613 apud
1925 2569 2036 2602 luere-

225 2642 301 2673 tam
322 2638 529 2671 indubitata
549 2638 750 2671 testimonia
778 2639 948 2684 colligere
969 2639 1060 2673 velle
1201 2638 1289 2671 ticos
1307 2637 1413 2670 tincta·
1428 2641 1524 2677 sunt,
1550 2637 1693 2680 quando
1714 2638 1763 2671 ad
1782 2649 1845 2671 nos
1863 2636 2035 2677 venerint,

222 2708 425 2742 calumnias
452 2720 494 2741 ex
520 2708 760 2751 episcoporum
787 2708 954 2752 scriptis.-
987 2708 1060 2741 sive
1200 2706 1386 2751 baptizari
1411 2717 1480 2739 non
1508 2710 1678 2750 oportere.
1703 2709 1771 2740 etc.

289 2778 454 2813 Mt'interi
477 2777 680 2812 Primordia
706 2777 874 2812 Ecclesiae
902 2777 1100 2821 Africanoe.
1725 2774 1771 2809 20
