2341 3340
1026 153 1125 200 179

300 299 547 350 Quamquam
587 301 719 338 autem
751 295 952 336 Plautiani
996 293 1161 334 avaritia
1201 297 1320 346 atque
1361 295 1519 335 insidiae
1558 309 1653 336 vera
1686 298 1852 339 fuerunt
1886 299 2031 339 harum

119 377 371 416 vexationum
415 390 558 423 causa3
611 381 849 427 praetextum
895 378 1052 421 tamen,
1095 386 1173 424 quo
1207 373 1444 424 Imperatori
1484 380 1525 413 et
1556 375 1860 427 Magistratibus
1888 379 2029 417 sucum

114 453 303 503 faceret,
346 455 557 495 simulasse
591 465 758 492 necesse
799 456 872 491 est.
937 451 1082 502 Neque
1119 452 1188 495 hic
1233 452 1351 490 anxie
1390 457 1477 490 erat
1516 454 1780 504 quaerendus,
1816 456 1889 494 sed
1923 457 2030 496 ultro

112 545 204 572 sese
233 534 389 572 homini
420 532 661 571 Christianis
689 531 852 570 infenso
894 530 1091 569 obtulisse
1130 529 1291 569 videtur
1323 530 1367 568 in
1400 532 1584 571 coetibus
1620 535 1894 575 antelucanis
1927 534 2030 573 Ter-

111 612 280 650 tulliano
310 611 457 661 saepius
487 611 814 649 commemoratis
844 609 919 664 (de
944 621 1093 648 corona
1124 622 1159 647 0.
1182 608 1223 647 3.
1264 607 1315 648 ad
1345 620 1515 647 uxorem
1546 609 1595 646 ll.
1617 611 1656 648 4.
1694 611 1863 666 defuga
1890 609 2028 665 c.14.)

111 701 212 740 quos
242 688 415 727 Romani
442 689 550 728 haud
585 690 706 729 dubie
735 702 808 741 pro
842 689 1026 740 collegiis
1062 688 1216 727 illicitis
1255 691 1449 739 tantoque
1478 688 1606 740 magis
1641 691 1837 739 suspectis
1874 691 2026 731 111111116-

109 770 218 815 runt,
248 766 357 818 quod
390 769 576 822 lucifuga·
603 781 692 808 esse
721 768 974 807 videbantur.

288 845 333 884 In
360 846 437 884 hac
466 851 600 885 autem
628 847 913 898 persecutione
942 845 1051 884 haud
1081 856 1221 885 omnes
1253 845 1377 885 fidem
1405 858 1599 894 servasse,
1641 846 1764 886 verba
1786 846 2028 888 Tertulliani

110 924 293 964 indicant
325 924 375 962 de
411 926 546 978 lapsis
584 939 736 979 pacem
774 925 895 964 haud
933 925 1207 971 habentibus,
1257 939 1381 978 quam
1414 939 1439 964 a
1472 925 1748 979 Martyribus
1777 928 1823 966 in
1854 940 2029 968 carcere

110 1017 297 1044 exorare
326 1006 646 1043 consueverint.
716 1003 849 1042 Imitio
894 1002 1058 1054 quidem
1101 1002 1239 1041 mitior
1269 1003 1428 1050 fuisse,
1472 1016 1568 1042 mox
1596 1008 1732 1043 autem
1770 1005 2029 1045 recruduisse

107 1080 280 1121 videtur.
345 1080 465 1120 Anno
515 1082 624 1121 enim
664 1082 746 1122 198
788 1081 1101 1134 quinquennalia
1137 1079 1277 1119 Severi
1323 1081 1655 1131 celebrabantur,
1699 1095 1778 1133 qua
1815 1084 2027 1123 occasione

107 1159 154 1199 in
184 1158 433 1199 Antoninum
468 1160 595 1199 filium
635 1161 723 1213 ejus
759 1164 854 1200 natu
890 1161 1087 1213 majorem
1116 1159 1310 1211 Augusti,
1356 1159 1399 1199 111
1434 1160 1577 1199 Getam
1626 1162 1824 1201 minorem
1855 1162 2026 1202 Caesaris

106 1237 286 1278 honores
317 1240 633 1279 conferebantur
650 1238 711 1288 ²3,
761 1239 930 1290 ludique
960 1239 1206 1284 edebantur,
1252 1237 1396 1276 Romae
1441 1238 1605 1288 quidem
1638 1240 1873 1290 praecipue,
1915 1240 2027 1280 haud

108 1330 205 1357 vero
235 1318 356 1358 dubie
386 1320 427 1358 in
456 1319 640 1358 omnibus
666 1322 828 1368 quoque
853 1317 1073 1369 majoribus
1101 1315 1262 1367 imperii
1291 1315 1482 1369 urbibus,
1509 1320 1551 1354 et
1578 1317 1750 1355 maxime
1767 1316 2026 1370 Carthagine,

108 1397 328 1448 metropoli
363 1396 581 1449 provinciae
610 1396 739 1444 illius,
778 1408 869 1447 quae
896 1395 1028 1438 natale
1061 1397 1149 1433 erat
1177 1392 1321 1432 domus
1361 1394 1555 1446 Augustae
1582 1395 1726 1434 solum.
1785 1394 2026 1447 Pythiorum

110 1475 219 1514 enim
284 1475 622 1515 celebrandorum
672 1475 829 1514 veniam
882 1473 1236 1525 Carthaginienses
1282 1472 1457 1524 Vigellio
1507 1471 1725 1513 Saturnino
1775 1473 2026 1514 Proconsule

107 1564 272 1592 suasore
303 1567 326 1593 a
355 1552 508 1592 Senatu
540 1555 886 1604 impetraverunt3
941 1563 1043 1602 quos
1082 1550 1249 1602 quidem
1284 1550 1403 1589 ludos
1441 1551 1484 1590 in
1522 1563 1570 1590 ea
1609 1552 1710 1590 urbe
1745 1565 1866 1592 nemo
1908 1557 2026 1593 antea

106 1635 370 1684 spectaverat.
442 1631 679 1670 Gratissima
713 1630 805 1669 haec
837 1631 1036 1669 universae
1067 1614 1288 1681 provinciae
1319 1641 1406 1677 res,
1451 1632 1620 1681 propter
1657 1643 1776 1681 quam
1816 1631 2023 1670 civitatum

106 1710 389 1750 Africanarum
422 1713 602 1749 oratores
635 1709 687 1748 de
721 1709 880 1748 honore
910 1707 1146 1759 Carthagini
1172 1710 1288 1759 parto
1317 1708 1561 1760 gratulatum
1597 1720 1746 1747 venere
1759 1709 1807 1748 29.
1863 1710 2022 1749 Horum

105 1787 293 1828 ludorum
333 1801 451 1827 causa
489 1787 648 1826 Odeum
687 1789 937 1827 exstructum
974 1786 1071 1833 fuit,
1110 1786 1153 1824 in
1193 1796 1274 1835 quo
1309 1790 1442 1838 poetae
1478 1791 1520 1826 et
1558 1789 1704 1827 musici
1743 1792 1948 1828 certarent
1964 1786 2019 1836 3⁰3

103 1867 332 1919 spectacula
376 1876 537 1916 quoque
585 1864 695 1905 edita
716 1893 728 1914 ,
781 1877 871 1916 quae
918 1863 1174 1903 Tertulliano
1218 1866 1473 1905 occasionem
1517 1867 1781 1918 praebuerunt
1824 1867 1918 1907 libri
1968 1866 2020 1906 de

105 1946 347 1997 spectaculis
388 1943 700 1993 conscribendi,
757 1944 983 1996 quibusque
1036 1941 1282 1992 Christiani,
1339 1944 1449 1995 quod
1499 1945 1676 1984 ethnicae
1719 1945 2019 1997 superstitionis

102 2023 224 2075 plena
258 2027 424 2070 essent,
462 2024 572 2063 haud
606 2022 893 2063 interfuerunt.
950 2022 1053 2062 Haec
1095 2034 1193 2061 vero
1228 2021 1417 2062 Ethnicis
1457 2022 1771 2075 displicuerunt3
1823 2027 1865 2062 et
1894 2036 2016 2076 quum

103 2100 274 2152 publicis
302 2101 353 2139 ob
384 2101 574 2141 victorias
605 2101 746 2140 Severi
780 2101 832 2140 de
858 2100 1089 2140 Pescennio
1127 2105 1169 2140 et
1198 2100 1348 2139 Albino
1385 2101 1542 2153 gaudiis
1577 2115 1720 2153 parum
1759 2114 1850 2141 sese
1883 2102 2016 2141 immi-

102 2181 277 2226 scerent,
305 2178 383 2217 nisi
412 2174 520 2229 quod
552 2179 707 2218 laureas
735 2179 778 2218 in
809 2179 1006 2231 postibus,
1044 2182 1087 2218 et
1116 2179 1300 2217 lucernas
1331 2190 1405 2229 pro
1435 2178 1604 2228 foribus,
1637 2166 1890 2231 improbante
1917 2180 2016 2220 licet

103 2255 354 2296 Tertulliano
384 2257 453 2307 qui
477 2269 544 2297 eas
575 2256 824 2297 idololatrias
857 2255 1079 2306 vocavitssl,
1116 2269 1226 2309 saepe
1255 2261 1455 2308 ponerent
1471 2254 1528 2306 3²,
1568 2271 1591 2297 a
1623 2258 1743 2310 plebe
1767 2257 1886 2297 bellis
1916 2258 2016 2310 ipsis

123 2410 160 2438 28
191 2409 403 2444 Moshemii
458 2410 502 2444 D.
542 2413 588 2446 de
633 2415 740 2447 aetate
793 2411 1033 2458 Apologetici
1103 2412 1138 2440 3⁰
1163 2401 1362 2456 Scorpiace
1391 2422 1421 2445 0.
1450 2411 1506 2446 42.

192 2478 424 2514 Tertulliani
465 2479 504 2514 in
534 2480 689 2516 Dissert.
730 2482 778 2516 ad
817 2482 1032 2517 Historiam
1101 2502 1135 2531 31
1161 2505 1216 2538 De
1244 2504 1339 2538 Idol‘
1376 2503 1462 2539 ⁰09·

173 2548 335 2591 ,Εο0165.
366 2549 395 2582 I.
422 2561 456 2594 p.
478 2548 534 2583 70.

1101 2595 1138 2624 32
1162 2596 1259 2629 Ibid.
1293 2607 1322 2629 0.
1344 2595 1400 2649 Iti
1450 2597 1580 2631 Plures
1593 2597 1678 2640 jam
1700 2597 1856 2631 invenies
1876 2597 2006 2632 Echni-

123 2663 159 2692 29
183 2663 383 2709 scorpiace
421 2675 451 2698 c.
477 2662 511 2699 6,
560 2663 736 2699 Mox-colli
772 2664 854 2700 Asr,
888 2665 1028 2703 Christ.
1173 2678 1291 2699 corum
1306 2668 1409 2708 fores
1428 2667 1503 2700 sine
1523 2667 1680 2701 lucernis
1699 2671 1734 2700 et
1752 2667 1886 2700 laureis
1899 2679 2006 2711 quam

193 2744 228 2778 p.
251 2733 308 2768 51.
1176 2736 1472 2770 Christianorum.
1518 2736 1646 2770 Unum
1684 2739 1809 2771 tamen
1839 2747 2005 2771 comme-
