2341 3340
1157 174 1257 221 190

244 334 290 362 se
317 321 594 374 praestiturum
631 320 831 373 sperabat.
903 320 1026 360 Haud
1070 319 1177 360 enim
1215 319 1410 372 amplius,
1459 325 1509 361 ut
1544 320 1603 360 ad
1633 321 1750 362 Deos
1777 317 2019 374 ‘gentilium
2057 322 2165 363 bono

246 402 391 441 animo
422 406 801 448 converterentur,
832 400 1072 452 postulavit:
1109 399 1249 446 modo,
1282 398 1493 450 respondit
1517 397 1709 450 sperato,
1734 399 1846 452 jura
1868 412 1950 453 per
1984 400 2169 440 Genium

245 481 381 534 Regis
410 483 579 528 nostri,
627 479 713 521 scil.
747 477 1029 531 imperatoris,
1077 476 1325 529 (descriptus
1357 478 1467 517 enim
1494 478 1656 518 videtur
1685 477 1817 517 codex
1853 490 1904 517 ex
1939 479 2170 531 antiquiori,
2209 527 2211 530 ι

246 564 432 611 tempore
468 558 761 606 Vandalorum,
817 557 887 609 qui
934 557 1072 609 Reges
1129 553 1397 608 habuerunt).
1465 556 1654 597 Credidit
1702 557 1875 597 forsitan
1929 558 2170 610 proconsul,

247 636 501 677 Christianos
528 636 764 690 hujusmodi
789 636 1095 689 juramentum,
1154 648 1234 687 quo
1266 634 1433 675 Ethnici
1461 636 1658 688 majorem
1697 648 1793 688 erga
1825 636 2014 676 homines
2052 649 2172 688 quam

247 728 343 768 erga
374 715 483 755 Deos
516 729 609 755 suos
645 716 876 768 praestitere
902 714 1222 763 reverentiam5,
1260 714 1702 765 facilius-praestituros
1732 727 1843 763 esse,
1878 716 2011 756 Deum
2039 729 2173 764 suum,

247 795 316 846 qui
357 796 480 834 etiam
517 795 777 849 Imperatoris
823 798 932 833 esset
965 793 1151 833 dominus
1186 797 1309 845 atque
1347 797 1580 846 protector,
1623 793 1982 846 subintelligendo.
2051 794 2172 834 Plebi

247 877 382 912 autem
402 874 593 924 Mysterii
621 875 785 912 nomine
818 873 957 910 fucum
981 873 1120 911 facere
1146 873 1293 920 voluit3
1338 886 1430 911 nam
1458 885 1533 924 per
1563 885 1726 911 omnem
1754 872 1937 911 Africam
1958 872 2173 925 Mysteria,

247 950 365 990 Isidis
396 951 580 1000 inprimis
612 947 852 1003 Aegypti'ae,
890 962 1035 1001 magna
1064 950 1266 1001 religione
1298 951 1503 990 celebrata
1530 951 1673 999 fuisse,
1713 964 1764 990 ex
1800 951 2175 1004 Apulejoconstat.

246 1028 315 1068 Sic
343 1029 451 1068 enim
482 1042 588 1077 reos,
620 1030 654 1068 si
672 1028 882 1080 Mysteriis
901 1026 1141 1079 quibusdam
1158 1027 1337 1066 initiatos
1366 1040 1457 1067 sese
1487 1041 1578 1068 esse
1604 1029 1871 1079 declararent,
1903 1032 2033 1070 salvos
2052 1034 2175 1082 atque

245 1108 472 1149 incolumes
505 1121 694 1148 evasuros
727 1108 915 1160 speravit.
980 1106 1035 1146 At
1063 1118 1156 1159 spes
1191 1119 1285 1145 eum
1313 1106 1484 1155 fefellit3
1529 1107 1575 1146 hi
1607 1108 1715 1146 enim
1747 1110 1959 1149 unanimes
1997 1114 2039 1149 et
2076 1122 2176 1148 con-

245 1190 400 1226 stanter
431 1201 476 1227 se
501 1178 755 1227 Christianos
787 1186 965 1238 professi
994 1189 1100 1225 sunt.
1159 1184 1313 1236 Itaque,
1350 1188 1396 1224 ut
1424 1188 1561 1224 tamen
1589 1185 1641 1224 ad
1670 1185 1978 1226 deliberandum
2010 1187 2177 1239 aliquod

245 1267 419 1317 tempus,
460 1267 645 1320 (triginta
674 1267 783 1304 enim
814 1265 974 1306 dierum
1002 1264 1117 1313 illud,
1149 1264 1259 1314 quod
1288 1264 1387 1316 ipsis
1416 1254 1633 1313 obtulerat,
1666 1262 1989 1318 recusaverant),
2029 1278 2176 1305 conce-

247 1343 428 1393 deretur,
457 1346 499 1385 in
530 1358 735 1385 carcerem
765 1344 876 1383 ducti
906 1348 948 1383 et
978 1346 1024 1384 in
1058 1344 1179 1397 ligno
1203 1345 1344 1397 positi
1363 1342 1495 1391 fuere,
1526 1356 1579 1382 ne
1606 1343 1705 1395 fuga
1733 1344 1903 1383 salutem
1933 1348 2178 1396 quaererent.

247 1424 381 1474 Quum
419 1429 555 1464 autem
593 1423 791 1476 postridie
833 1423 1054 1471 mulieres,
1102 1434 1222 1473 quas,
1263 1425 1407 1473 utpote
1449 1420 1702 1470 debiliores,
1745 1422 1797 1461 ad
1836 1422 2115 1462 defectionem
2155 1436 2180 1463 a

245 1503 446 1555 religione
486 1502 717 1542 Christiana
753 1502 915 1540 facilius
958 1513 1050 1540 sese
1092 1504 1389 1541 commoturum
1431 1502 1653 1554 proconsul
1690 1501 1896 1551 credidit,
1944 1505 2180 1541 constanter

247 1585 486 1633 negassent,
526 1582 685 1632 virique
716 1580 889 1620 eandem
922 1578 1223 1618 Christianismi
1250 1579 1550 1631 professionem
1579 1581 1855 1632 repetiissent,
1886 1591 2021 1630 neque
2053 1580 2180 1620 ullum

248 1659 505 1700 deliberandi
533 1664 694 1713 tempus
724 1660 911 1712 accipere
941 1651 1184 1706 voluissent,
1217 1658 1438 1710 proconsul
1466 1658 1509 1697 in
1538 1670 1608 1698 eos
1638 1659 1882 1698 sententiam
1910 1659 2005 1697 tulit
2035 1668 2181 1698 secun-

249 1738 347 1779 dum
378 1740 512 1792 legem
529 1739 718 1792 Trajani:
750 1741 792 1779 si
822 1739 1087 1791 deferantur
1120 1743 1166 1778 et
1194 1743 1461 1791 arguantur,
1491 1737 1707 1792 puniendi
1726 1743 1846 1786 szmt,
1879 1741 1922 1777 et
1946 1738 2079 1790 capite
2109 1750 2181 1778 eos

247 1819 373 1873 plecti
396 1819 532 1872 jussit.
592 1820 681 1870 Qua
712 1818 913 1857 sententia
943 1816 1092 1864 audita,
1133 1815 1221 1855 Deo
1249 1816 1399 1868 gratias
1430 1819 1616 1868 egerunt,
1651 1814 1744 1870 (qui
1770 1816 1849 1855 fuit
1883 1817 2062 1856 omnium
2090 1817 2182 1857 fere
2239 1821 2245 1829 '

248 1898 477 1951 Martyrum
510 1911 626 1946 m0s3
673 1910 766 1937 nam
811 1895 995 1947 martyrii
1036 1907 1188 1934 corona
1226 1907 1383 1933 summa
1416 1898 1524 1942 erat,
1567 1907 1686 1945 quam
1715 1895 1759 1933 in
1792 1896 1897 1933 votis
1935 1895 2181 1944 habuerunt,

249 1975 450 2031 felicitas)
493 1977 607 2017 ducti
637 1980 750 2025 sunt,
794 1974 1011 2028 gladioque
1047 1973 1245 2026 percussi.
1310 1973 1438 2013 Facta
1469 1985 1566 2012 vero
1603 1973 1695 2012 haec
1727 1976 1820 2012 sunt
1855 1971 1964 2014 XIV.
1996 1979 2040 2014 et
2070 1974 2182 2014 XIII.

251 2056 453 2102 Kalendas
479 2056 696 2110 Augustas.
752 2053 910 2094 Eadem
937 2052 1141 2091 sententia
1169 2052 1248 2092 lata
1272 2056 1334 2091 est
1364 2051 1408 2091 in
1438 2050 1668 2100 Veturium,
1700 2051 1899 2100 Felicem,
1929 2052 2181 2104 Aquilinum,

251 2134 517 2184 Laetantinm,
557 2135 791 2175 Januarium
820 2135 863 2172 et
893 2132 1168 2180 Generosam,
1214 2133 1353 2179 antea,
1385 2132 1432 2170 ut
1462 2129 1644 2179 videtur,
1682 2130 1971 2184 interrogatos,
2011 2143 2183 2184 quorum

254 2227 353 2256 vero
382 2219 472 2255 acta
500 2215 724 2267 perierunt.
2044 2197 2048 2201 ’

434 2293 475 2334 2.
544 2294 699 2333 Eorum
740 2291 922 2332 omnium
965 2290 1205 2330 memoriam
1248 2293 1365 2330 sexto
1402 2289 1562 2330 decimo
1593 2287 1765 2330 Kalend.
1795 2288 1970 2342 Augusti
2003 2289 2183 2330 celebrat

255 2375 442 2416 Ecclesia
470 2374 666 2413 Romana.
733 2371 892 2411 Horum
934 2371 1162 2422 Martyrum
1204 2369 1433 2421 antiquiore
1464 2369 1550 2422 jam
1590 2372 1778 2421 tempore
1822 2369 2008 2408 meminit
2041 2369 2183 2410 Victor

256 2455 437 2496 Vitensis
476 2434 783 2491 Persdc'utionis
827 2448 1062 2490 Vandalicae
1103 2448 1230 2488 Libro
1274 2447 1304 2486 Ι.
1346 2448 1577 2500 traditque,
1623 2462 1696 2487 suo
1741 2452 1927 2500 tempore
1971 2433 2183 2499 Basilicam

258 2545 399 2573 eorum
431 2530 586 2572 nomini
617 2529 788 2568 dicatam
828 2529 1013 2568 extitisse
1054 2527 1326 2580 Carthagine,
1373 2527 1416 2566 in
1451 2539 1528 2578 qua
1564 2528 1654 2567 sine
1690 2527 1814 2566 dubio
1844 2539 2013 2579 corpora
2042 2538 2184 2566 eorum

306 2688 324 2718 5
348 2689 510 2723 Tertull.
530 2685 698 2733 ‘Ap010g.
727 2698 759 2721 c.
777 2686 835 2721 28.
898 2687 1011 2721 Citius
1043 2684 1142 2731 apud
1174 2695 1233 2719 vos
1266 2695 1334 2729 per
1369 2695 1488 2719 omnes
1522 2685 1615 2719 Deos
1649 2694 1756 2728 quam
1782 2693 1851 2728 per
1887 2693 1997 2716 unum
2033 2682 2184 2717 Genium

358 2759 511 2796 Caesaris
536 2758 739 2803 pejeratur.
