2341 3340
1016 126 1085 172 57

99 282 162 322 ep.
184 267 252 308 65.
291 266 362 327 (al.
389 263 505 320 236.)
523 267 552 305 6.
628 265 787 306 Eodem
837 277 997 318 quoque
1045 267 1230 315 tempore
1280 262 1484 304 habebant
1521 265 1591 318 jus
1631 266 1852 320 flagitiosos
1895 266 1999 309 Sub-

98 347 291 388 diaconos
323 345 603 386 communione
629 355 835 382 sacrorum
858 341 1055 395 privandi,
1087 354 1239 393 eosque
1263 354 1432 381 munere
1454 354 1567 382 sacro
1598 344 1772 385 exuendi
1800 344 1887 401 (ep.
1904 347 1999 390 108.

96 425 146 465 al.
178 420 342 477 255.)⁷;
383 423 490 474 quod
517 424 629 460 certe
657 433 707 459 ex
733 420 866 472 prisca
895 424 1014 459 aetate
1045 419 1096 459 ad
1120 432 1190 458 eos
1219 420 1444 460 transierat.

275 502 477 541 Caeterum
521 498 701 537 distincti
731 498 860 538 fuisse
888 498 1077 537 videntur
1108 497 1347 549 Presbyteri
1376 498 1419 536 in
1449 499 1664 540 Docentes
1696 502 1739 539 et
1766 500 1997 555 Regentes.

94 580 360 632 Presbyteros
391 578 499 616 enim
528 577 728 617 Doctores
761 577 885 616 habet
909 576 1130 628 Cyprianus
1158 589 1198 629 p.
1224 576 1305 624 29„
1334 590 1372 628 p.
1401 574 1468 614 55.
1526 575 1595 615 Sic
1624 589 1784 630 quoque
1811 580 1855 619 in
1883 580 1998 621 Actis

94 658 136 698 S.
165 657 206 697 S.
237 657 452 708 Perpetuae
484 659 527 694 et
554 655 779 696 Felicitatis
807 656 957 709 legitur
987 654 1180 708 Aspasius
1210 653 1431 706 Presbyter
1458 653 1639 703 Doctor3
1689 657 1834 706 quibus
1860 658 1998 711 itaque

91 715 349 776 incumbebat
379 733 529 774 docere
555 735 732 787 plebem.

265 813 306 852 2.
362 814 659 854 Diaconorum
691 826 799 865 saepe
829 813 876 852 fit
905 811 1058 852 mentio
1087 810 1195 864 apud
1213 811 1472 864 Cyprianum,
1505 816 1547 853 et
1577 816 1670 854 ante
1700 811 1788 866 ejus
1815 817 1999 867 tempora

88 890 132 932 in
161 891 276 931 Actis
305 889 347 930 S.
377 890 418 929 S.
447 890 663 943 Perpetuae
691 894 733 930 et
760 892 1009 940 Felicitatis3
1060 903 1084 930 e
1118 891 1264 941 quibus
1294 895 1427 944 patet,
1462 905 1533 932 eos
1563 893 1607 932 in
1628 892 1782 942 Africa,
1815 896 1861 933 ut
1887 893 1997 943 alibi,

90 968 410 1009 Christianorum
445 969 489 1008 in
517 981 724 1008 carcerem
763 971 1040 1023 conjectorum
1082 982 1218 1009 curam
1250 971 1436 1023 gessisse.
1493 973 1596 1013 Non
1624 971 1685 1011 ad
1707 971 1998 1013 sacerdotium

88 1048 166 1087 aed
195 1048 253 1087 ad
280 1048 569 1087 ministerium
601 1062 672 1088 eos
703 1051 970 1096 consecrari,
1014 1048 1139 1088 habet
1169 1048 1395 1088 Concilium
1427 1048 1614 1101 Cartbag.
1650 1048 1719 1090 IV.
1757 1062 1845 1089 can.
1870 1050 1911 1089 4.
1945 1063 1997 1090 ex

85 1126 247 1176 antiqua
279 1125 467 1164 ecclesiae
496 1125 724 1177 disciplina.
780 1127 1023 1167 Recitabant
1057 1127 1316 1166 offerentium
1350 1127 1513 1179 publice
1547 1127 1735 1176 nomina,
1781 1127 1996 1181 (Cypriani

85 1215 148 1256 ep.
169 1203 209 1242 9.
238 1204 289 1242 al.
305 1199 394 1254 16.)
425 1203 581 1255 aliaque
609 1205 832 1245 ministeria
855 1206 1191 1257 exsequebantur,
1220 1218 1310 1256 quae
1338 1218 1412 1256 per
1442 1206 1668 1244 universam
1690 1207 1740 1245 iis
1760 1207 1996 1246 concredita

83 1284 198 1323 erant
229 1281 456 1322 ecclesiam.
513 1282 750 1334 Baptizandi
779 1284 829 1321 iis
859 1295 1021 1333 quoque
1048 1283 1200 1335 pariter
1228 1295 1274 1322 ac
1286 1282 1542 1334 Presbyteris
1574 1283 1666 1323 data
1695 1288 1781 1323 erat
1805 1284 1996 1324 facultas:

86 1374 174 1401 non
209 1368 355 1401 tamen
385 1362 481 1401 sine
519 1362 712 1415 episcopi
743 1362 1032 1409 auctoritate,
1078 1360 1120 1400 h.
1152 1373 1188 1400 e.
1212 1362 1349 1410 venia,
1399 1364 1442 1400 et
1470 1362 1596 1401 habet
1629 1361 1903 1404 Tertullianus
1943 1363 1996 1404 de

81 1438 280 1490 baptismo
310 1451 345 1478 c.
375 1440 441 1479 17.
498 1439 808 1479 Poenitentibus
839 1450 863 1478 a
893 1438 1143 1490 Martyribus
1176 1439 1482 1489 commendatis,
1523 1441 1690 1480 absente
1716 1441 1921 1494 Episcopo
1953 1446 1996 1482 et

83 1514 363 1568 PresbyteriS,
404 1519 447 1557 in
478 1517 729 1557 necessitatis
758 1529 853 1556 casu
884 1529 1025 1556 manus
1060 1518 1270 1569 imponere
1306 1519 1356 1558 iis
1394 1519 1555 1558 licebat.
1614 1519 1805 1571 Cypriani
1839 1532 1902 1573 ep.
1926 1521 1994 1560 18.

83 1606 121 1645 p.
148 1595 217 1633 40.
273 1595 568 1648 Episcoporum
596 1598 711 1635 erant
738 1594 1058 1647 Dispensatores,
1100 1597 1169 1647 qui
1202 1597 1478 1649 eleemosynas
1505 1598 1690 1638 ecclesiae
1718 1598 1992 1652 indigentibus

84 1656 377 1712 distribuebant
399 1672 544 1726 (Cypr.
573 1687 638 1726 ep.
666 1673 747 1721 52„
785 1687 825 1725 p.
853 1670 943 1726 96.)
975 1674 1234 1725 pupillorum,
1272 1675 1496 1723 viduarum,
1533 1676 1815 1727 virginumque
1855 1690 1991 1718 curam

84 1750 279 1801 gerebant
326 1748 489 1803 (ibid.),
538 1754 581 1794 et
626 1751 814 1790 universe
856 1753 1020 1793 Arcam
1064 1763 1097 1791 s.
1135 1751 1370 1791 thesaurum
1418 1752 1612 1793 ecclesiae'
1649 1753 1989 1797 administrabant.

82 1825 226 1882 (Cypr.
255 1839 319 1879 ep.
344 1827 411 1865 52.
441 1841 480 1879 p.
502 1828 603 1876 95).

259 1903 300 1943 3.
355 1905 672 1952 Subdiaconos,
715 1904 759 1943 in
790 1888 1273 1947 Ecclesia‘occidentali
1319 1910 1456 1957 ortos,
1499 1908 1682 1961 inprimis
1722 1911 1767 1951 in
1807 1911 1989 1952 ecclesiis

80 1983 288 2037 populosis
327 1983 549 2035 amplisque
568 2011 579 2031 ,
635 1983 756 2022 sicuti
792 1983 1003 2032 Romana,
1049 1984 1236 2023 Ecclesia
1278 1984 1471 2027 Africana
1513 1986 1757 2029 Tertulliani
1803 1994 1988 2043 tempore

83 2063 261 2102 nondum
288 2061 452 2108 habuit;
494 2061 591 2100 alias
619 2060 728 2100 haud
758 2062 1003 2100 reticuisset.
1071 2061 1162 2101 Orti
1190 2075 1286 2102 vero
1323 2068 1417 2104 sunt
1449 2068 1634 2119 tempore
1673 2067 1781 2107 inter
1823 2081 1915 2108 eum
1946 2073 1987 2110 et

82 2140 325 2192 Cyprianum
352 2139 514 2188 medio,
553 2140 621 2191 qui
654 2151 764 2191 saepe
799 2138 850 2178 de
891 2139 941 2178 iis
972 2139 1153 2189 loquitur
1171 2142 1199 2179 8.
1273 2141 1589 2183 Instituebantur
1624 2145 1733 2184 haud
1770 2146 1892 2186 dubie
1932 2147 1991 2187 a'd'

81 2211 309 2269 exemplum
336 2217 523 2257 ecclesiae
554 2217 763 2266 Romanae,
794 2216 1019 2267 eademque
1042 2217 1094 2257 de
1123 2231 1262 2268 causa3
1295 2221 1403 2271 quod
1431 2225 1597 2273 propter
1628 2236 1770 2275 magna
1786 2223 1984 2266 Ecclesiae

80 2296 328 2336 incrementa
368 2295 551 2345 diaconi,
593 2309 761 2347 quorum
799 2296 1072 2348 septenarium
1099 2309 1311 2337 numerum
1348 2299 1550 2338 excedere
1588 2302 1713 2341 moris
1744 2303 1852 2343 haud
1881 2308 1981 2354 erat,

79 2374 163 2414 suis
196 2374 344 2412 officiis
381 2376 627 2427 exequendis
667 2375 778 2414 haud
818 2375 987 2427 amplius
1026 2389 1143 2429 pares
1173 2377 1505 2429 reperiebantur,
1549 2379 1681 2431 iisque
1715 2381 1869 2421 idcirco
1898 2382 1981 2423 dati

80 2455 173 2491 sunt
202 2452 407 2503 adjutores
425 2481 438 2501 ‚
473 2465 759 2504 nonnunquam
790 2453 833 2493 in
863 2454 1117 2495 institutione
1150 2455 1544 2496 catechumenorum
1580 2457 1776 2509 adhibiti,
1812 2464 1858 2500 ut
1885 2473 1979 2501 mox

127 2605 143 2633 Β
169 2606 227 2640 cf.
248 2604 424 2639 Knittelii
454 2604 623 2640 Priscam
649 2607 766 2644 Ruris
793 2608 1004 2644 Ecclesiam
1097 2609 1115 2637 7
1137 2609 1234 2644 Ibid.
1263 2621 1298 2654 p.
1319 2610 1376 2644 5²7.
1453 2646 1481 2658 (a

170 2686 207 2719 p.
225 2673 282 2709 56.
1093 2678 1112 2706 Β
1135 2679 1252 2723 Epist.
1280 2679 1313 2713 3.
1339 2679 1395 2714 20.
1421 2679 1476 2715 29,
1507 2680 1562 2715 34.
1591 2679 1648 2716 35.
1679 2680 1734 2716 45.
1763 2680 1818 2716 78.
1845 2680 1902 2716 79,

242 2772 403 2807 Miinterc‘
427 2773 629 2809 Primordia
658 2775 824 2810 Ecclesiae
851 2779 1045 2819 Afric-omn.
1158 2760 1170 2774 ⁸
1687 2780 1710 2813 8
