2341 3340
1166 144 1240 195 ,94

234 288 397 341 scriptis
411 286 461 326 1⁰.
517 285 652 327 Unice
681 285 778 326 heic
813 284 1035 327 notandum
1055 314 1067 337 ,
1112 276 1389 340 Augustinum
1429 299 1540 340 saepe
1574 286 1744 327 testari:
1789 286 2038 340 Symbolum
2073 303 2162 330 nou

234 369 387 416 scribi,
429 381 510 408 nec
539 369 648 422 legi,
696 366 775 407 sed
811 367 965 408 audiri
1000 374 1045 408 et
1087 368 1296 408 memoria
1314 368 1448 424 fideli
1478 365 1723 409 retiner-511.
1781 365 1891 405 Hinc
1924 366 2091 407 minutae
2121 367 2173 409 in,

234 448 403 501 singulis
420 448 636 487 varietates
656 446 778 485 facile
799 446 1066 498 explicantur.
1117 446 1263 497 Neque
1287 446 1469 496 dubium,
1494 447 1592 499 quin
1611 447 1690 486 iste
1708 457 1796 486 mos
1816 457 1866 484 ex
1889 446 2166 498 antiquissima

235 530 356 567 aetate
377 526 626 579 repetendus
655 525 727 589 sit:
767 529 855 565 erat
880 526 989 565 enim
1014 525 1254 577 Symbolum
1282 530 1438 567 tessera
1463 526 1663 575 fidelium,
1693 529 1735 566 et
1763 526 1806 565 in
1828 524 1968 565 Africa
1990 536 2166 577 quoque,

233 619 316 645 non
348 605 626 645 Romanorum
653 608 811 644 tantum
841 606 915 644 sed
935 609 976 644 et
1005 605 1263 655 Poenorum3
1296 605 1407 645 unde
1437 609 1589 646 certam
1622 606 1815 645 ducimus
1845 605 2165 654 conclusionem,

232 684 333 723 illud
348 685 510 725 Punice
534 696 695 736 quoque
725 684 944 725 recitatum
971 684 1101 724 fuisse
1131 699 1154 725 a
1183 685 1335 732 Poenis
1363 685 1415 725 ad
1433 685 1587 725 Christi
1617 686 1833 726 ecclesiam
1859 684 2166 739 accedentibus,

233 767 278 804 ut
307 768 349 804 et
371 753 521 803 horum
546 762 946 803 catechumenorum
971 764 1274 805 institutionem
1300 764 1456 805 Punice
1485 768 1690 818 peractam
1713 764 1840 804 fuisse
1864 778 1887 805 a
1907 763 2164 816 Presbyteris

232 848 355 896 atque
384 843 589 890 Diaconis,
628 843 775 893 quibus
804 843 848 882 id
882 844 1062 884 muneris
1091 844 1383 898 demandatum
1407 849 1507 885 erat.

410 923 451 961 3.
508 921 564 960 Et
594 922 686 960 haec
716 921 882 972 quidem
910 921 991 960 suit
1017 923 1181 972 publica
1208 923 1412 963 Ecclesiae
1443 924 1649 965 Africanae
1674 923 1800 984 fides,
1845 935 1961 976 aeque
1990 922 2163 975 simplex

232 1005 354 1054 atque
383 1014 483 1054 pura
513 1013 560 1040 ac
587 1000 839 1052 reliquorum
872 1012 948 1052 per
975 999 1184 1052 Europam
1214 1001 1436 1052 Asiamque
1462 1016 1693 1055 sparsorum
1725 1007 1918 1043 coetuum
1946 1002 2164 1056 professio.

231 1081 386 1122 Verum
410 1081 617 1120 enimvero
633 1079 743 1119 haud
761 1091 902 1118 omnes
924 1078 1178 1120 Christianos
1199 1092 1287 1119 eam
1304 1081 1512 1134 amplexos
1529 1066 1768 1122 fuisse'sine
1792 1083 1963 1122 faecibus
1980 1082 2165 1135 pristinae

231 1161 552 1214 superstitionis,
587 1160 653 1199 vel
688 1159 843 1211 absque
875 1158 1120 1198 testimoniis
1154 1159 1362 1199 historicis
1396 1161 1604 1214 conjicere
1638 1162 1781 1201 licebit
1817 1162 1967 1211 cuivis,
2008 1163 2078 1215 qui
2113 1160 2164 1202 ad

230 1241 441 1293 ingenium
468 1239 665 1279 Afrorum
701 1241 744 1278 et
775 1238 966 1278 universe
1001 1238 1216 1278 hominum
1245 1252 1388 1291 parum
1431 1240 1635 1281 cultorum
1673 1241 1879 1294 paulisper
1922 1241 2162 1294 respexerit,

232 1320 553 1372 cogitaveritque
594 1318 647 1358 de
679 1317 916 1358 notionibus
954 1329 1006 1357 ex
1036 1316 1279 1372 Paganismo
1311 1323 1355 1359 et
1384 1318 1697 1361 christianismo
1726 1321 1885 1371 mixtis,
1926 1333 2025 1372 quas
2056 1319 2163 1373 apud

231 1399 332 1438 alios
363 1399 554 1438 homines
584 1410 732 1438 recens
764 1397 816 1436 ad
839 1385 1050 1438 Christum
1083 1411 1302 1439 conversos
1331 1399 1701 1439 animadvertimus.
1760 1399 1844 1449 Sic,
1882 1403 1930 1440 ut
1959 1413 1983 1440 e
2011 1399 2163 1440 veteris

232 1478 421 1517 ecclesiae
455 1477 627 1517 historia
662 1477 847 1528 exempla
884 1475 1144 1527 adferamus,
1186 1490 1237 1518 ex
1271 1478 1461 1532 Origenis
1495 1478 1658 1532 scriptis
1699 1479 1817 1519 valde
1854 1480 1902 1520 fit
1936 1479 2162 1532 probabile,

231 1556 361 1596 fuisse
397 1555 673 1605 Christianos,
718 1556 787 1608 qui
813 1555 986 1608 perinde
1023 1568 1114 1596 esse
1154 1560 1404 1607 statuerent,
1446 1561 1584 1598 utrum
1620 1572 1820 1600 summum
1862 1571 2014 1600 numen
2052 1558 2163 1598 Deus

231 1636 479 1693 appelletur,
518 1649 569 1676 an
597 1636 759 1688 Jupiter
790 1635 856 1674 vel
884 1634 1089 1688 Apollo12.
1145 1635 1207 1677 De
1227 1636 1529 1690 Collyridianis,
1559 1638 1748 1680 fanaticis
1776 1651 1860 1680 sec.
1889 1637 1958 1688 IV,
1990 1639 2163 1685 constat,

232 1727 304 1755 eos
339 1716 489 1754 cultum
529 1714 694 1754 Cereris
732 1727 825 1754 cum
866 1716 1129 1756 veneratione
1161 1716 1201 1756 b.
1228 1716 1409 1770 Virginis
1445 1717 1659 1758 miscuisse
1673 1717 1730 1757 1³:
1777 1722 1820 1758 et
1854 1717 2026 1758 historia
2065 1728 2162 1757 con-

231 1794 430 1834 versionis
465 1795 711 1847 populorum
745 1793 1131 1837 Scandinavicorum
1171 1796 1322 1846 docet,
1367 1797 1546 1846 multos,
1586 1798 1658 1850 qui
1694 1798 1739 1838 in
1772 1797 1920 1850 Anglia
1952 1796 2160 1849 signaculo

195 1869 197 1872 ’
231 1873 366 1912 crucis
394 1878 561 1926 accepto
592 1873 909 1914 Cateehumenis
945 1875 1139 1928 adscripti
1167 1874 1355 1924 fuissent,
1387 1878 1480 1928 post
1507 1875 1688 1915 reditum
1719 1876 1764 1915 in
1785 1876 1956 1928 patriam
1978 1874 2159 1916 Odinum

233 1951 556 2005 Thoronemque
585 1956 633 1993 ut
663 1953 828 1994 numina
855 1953 1045 2012 πατρῷοι
1075 1955 1252 1995 coluisse
1267 1953 1315 1994 14.
1374 1954 1540 2007 ltaque,
1576 1955 1612 1994 si
1643 1954 1777 1994 simile
1809 1955 1908 2007 quid
1945 1955 1991 1996 in
2015 1954 2158 1996 Africa

231 2032 480 2084 reperietur,
517 2032 752 2084 neutiquam
777 2027 1111 2076 mirarisubibit.
1159 2034 1215 2075 Et
1229 2035 1317 2088 jam
1341 2047 1432 2075 cnr.
1455 2046 1506 2073 11.
1541 2037 1651 2074 artes
1684 2035 1935 2075 ostendimus
1968 2036 2159 2089 magicas,

230 2111 545 2161 incantationes,
580 2113 769 2153 vaticinia
795 2128 878 2155 non
905 2115 1031 2155 Afros
1053 2118 1211 2155 tantum
1240 2115 1451 2163 ethnicos,
1484 2112 1559 2153 sed
1585 2112 1839 2154 Christianos
1869 2126 2041 2167 quoque·
2064 2115 2157 2156 labe

231 2202 302 2230 sua
328 2190 605 2243 adspersisse;
650 2192 761 2244 quod
799 2193 965 2245 quidem
1002 2194 1146 2248 primis
1185 2197 1280 2247 post
1315 2193 1527 2235 Christum
1564 2193 1715 2234 seculis
1749 2196 1863 2234 tanto
1900 2193 2157 2247 frequentius

231 2269 342 2310 clero
374 2269 607 2312 Christiano
629 2271 899 2325 justissimam
928 2275 1185 2326 querelarum
1218 2287 1381 2316 causam
1409 2273 1597 2325 praebere
1629 2272 1792 2321 debuit,
1825 2284 1950 2324 quum
1979 2276 2154 2316 exeunte

253 2424 288 2453 10
311 2426 461 2462 Walch.
485 2427 512 2463 1.
532 2440 563 2464 c.
588 2440 624 2475 p.
648 2428 707 2465 66.
989 2445 993 2448 ·
1235 2430 1271 2459 13
1293 2430 1541 2466 Miscellanea
1561 2429 1803 2475 Hafniensia,
1830 2412 1945 2467 Tomi
1967 2431 1999 2469 1.
2022 2430 2148 2468 fascic.

254 2517 288 2546 11
312 2519 411 2555 Ibid.
442 2532 477 2566 p.
498 2520 556 2557 65.
1306 2502 1358 2537 ΙΙ.
1383 2512 1419 2547 p.
1438 2500 1519 2536 155.

235 2585 288 2633 ’12
314 2604 422 2652 Orig.
448 2607 533 2641 adv.
559 2608 713 2644 Celsum
742 2609 807 2645 IV.
839 2621 869 2646 c.
892 2609 948 2646 48.
982 2611 1026 2647 V.
1052 2622 1083 2646 c.
1109 2611 1166 2647 41.
1239 2610 1275 2640 14
1299 2610 1394 2647 Vide
1415 2610 1618 2647 historiam
1631 2610 2150 2660 introductionisReligionis

323 2677 381 2711 ed.
402 2676 524 2711 Ruaei.
552 2678 663 2714 Tom.
681 2679 710 2714 Ι.
733 2691 769 2724 p.
786 2679 868 2716 540.
889 2685 928 2716 et
940 2680 1020 2717 609.
1048 2681 1167 2726 ejusd.
1311 2681 1537 2717 Christianae
1555 2682 1596 2717 in
1614 2683 1778 2718 Daniam
1793 2685 1907 2728 atque
1915 2680 2149 2730 Norvegiam

325 2747 473 2782 exhort.
495 2749 543 2783 ad
566 2748 758 2796 Martyres
787 2750 882 2786 ibid.
903 2750 985 2787 305.
1310 2752 1496 2788 theotisce
1525 2763 1549 2789 a
1573 2753 1682 2790 nobis
1717 2752 1860 2789 editam
1888 2763 1924 2798 p.
1951 2751 2034 2789 255.
2063 2752 2147 2790 361.
