2341 3340
1041 153 1140 201 117

444 293 534 333 seu
569 296 686 332 certe
723 295 974 331 sanctorum
1009 291 1165 332 chorus
1209 293 1527 347 Prophetarum

447 363 740 421 Consurgeret
775 369 836 408 ad
861 369 1048 422 plebem,
1095 371 1169 423 qui
1181 372 1369 422 fre-num
1399 373 1643 426 imponeret
1673 377 1774 424 illis,

449 448 654 488 Obscoem'
689 459 790 499 quos
816 445 925 500 >equi
957 447 1239 488 trucidarunt
1278 450 1396 488 calce
1434 453 1628 499 remissa,

442 527 534 567 Nec
565 530 714 565 rueret
751 530 914 565 temere
949 525 1010 565 ad
1043 539 1384 578 pacem‚mamcs
1417 528 1670 580 aliquando.>

135 605 202 647 Ad
233 605 394 650 huncce
428 604 563 642 locum
607 602 725 641 valde
766 603 984 642 obscurum
1023 602 1392 643 Schurzfieischius
1437 605 1636 645 adnotat:
1695 620 1769 660 per
1817 611 2039 653 obscoenos

112 687 263 738 ‘equos
293 682 403 734 carpi
433 681 579 720 Novati
608 694 654 721 ac
685 681 898 721 Novatiani
934 682 1113 730 scelera,
1161 682 1230 733 qui
1259 683 1408 721 remoti
1443 682 1647 735 ejectique
1681 686 1853 727 ecclesia
1880 689 2041 740 plebem

135 760 328 801 adversus
343 759 568 813 Episcopos
597 772 692 819 suos
719 760 1005 809 accenderant;
1051 773 1142 813 quae
1174 772 1268 799 vero
1295 760 1439 800 ultimo
1467 774 1586 802 versu
1611 764 1806 816 legantur,
1838 768 2043 817 pertinere

135 839 189 880 ad
219 840 425 892 lapsorum
458 852 504 879 ac
532 839 884 878 schismaticorum
911 839 1136 888 historiam,
1172 840 1241 891 qui
1268 839 1451 880 factiosis
1476 842 1799 894 prensationibus
1819 842 2042 898 Episcopos

135 918 437 972 perurgebant,
484 920 529 956 ut
572 929 712 968 pacem
755 916 934 969 indignis
974 918 1096 957 etiam
1135 918 1250 957 inviti
1302 920 1590 960 concederent.
1655 922 1902 974 Hujusmodi
1933 926 2041 967 enim

133 999 279 1039 abusus
315 996 498 1047 exempla
525 979 565 1033 in
599 995 817 1046 antiquiori
852 996 1039 1036 ecclesiae
1066 995 1273 1036 Africanae
1303 997 1477 1038 historia
1509 1004 1738 1041 occurrunt.
1796 1001 1843 1042 In
1875 1004 2044 1056 epistola

132 1075 325 1129 synodica
348 1074 522 1113 Concilii
546 1072 602 1111 ΙΙΙ
631 1073 976 1126 Carthaginiensis
1004 1075 1077 1114 sub
1103 1073 1305 1127 Cypriano
1327 1075 1456 1115 habiti
1487 1075 1630 1132 (Cypr.
1648 1080 1764 1131 epist.
1783 1080 1850 1120 64.
1869 1095 1909 1134 p.
1929 1082 2041 1133 158.)

131 1156 319 1209 legimus,
359 1153 609 1204 Therapium
634 1152 881 1205 Episcopum
911 1137 1143 1192 Bullensem
1169 1166 1430 1206 praepropera
1456 1155 1717 1196 festinatione
1741 1157 1897 1200 Victori
1923 1160 2042 1201 Pres-

129 1234 301 1288 bytero,
337 1236 551 1283 antequam
581 1232 744 1283 plenam
773 1232 924 1284 egisset
951 1231 1262 1283 poenitentiam,
1307 1243 1449 1282 pacem
1480 1232 1673 1282 dedisse,
1717 1236 1816 1275 licet
1864 1250 1914 1276 ex
1948 1250 2043 1278 con-

134 1312 352 1353 suetudine
381 1312 510 1351 veteri
539 1311 581 1350 in
617 1310 913 1361 presbyterium
938 1309 1047 1348 haud
1074 1309 1224 1348 iterum
1251 1308 1380 1348 fuerit
1410 1314 1597 1362 receptus
1609 1320 1641 1360 ,κ
1659 1312 1732 1351 sed
1761 1313 1872 1353 inter
1898 1313 2044 1355 Laicos

138 1391 489 1438 communicaret,
540 1400 617 1439 qua
660 1388 713 1428 de
749 1401 868 1428 causa
904 1400 927 1428 a
967 1386 1171 1440 Cypriane
1209 1389 1426 1442 quondam
1462 1389 1694 1443 Presbyter
1729 1395 1906 1431 vocatur.
1977 1392 2046 1434 sie

134 1470 448 1511 Fortunatianus
487 1480 650 1518 quoque
687 1468 849 1520 lapsus,
885 1481 910 1508 a
943 1465 1153 1522 Cypriane
1175 1467 1345 1518 epistola
1371 1466 1439 1507 65.
1465 1468 1517 1507 ad
1543 1468 1776 1520 Epictetum
1811 1474 1853 1510 et
1883 1471 2046 1523 plebem

136 1548 412 1589 Assuritanam
449 1547 600 1586 dicitur
627 1547 840 1600 quondam
862 1546 982 1601 apud
1006 1558 1080 1586 vos
1106 1546 1375 1600 Episcopo-33
1421 1559 1511 1597 quae
1539 1546 1703 1598 quidem
1729 1559 1807 1588 vox
1830 1550 2043 1603 quondam

134 1638 219 1667 non
251 1625 304 1665 de
334 1625 502 1664 homine
535 1624 758 1674 defuncto,
795 1625 869 1665 sed
900 1625 954 1664 de
987 1636 1063 1674 eo,
1105 1624 1195 1676 qui,
1235 1635 1358 1674 quum
1386 1626 1678 1676 poenitentiam
1706 1627 1929 1680 accepisset
1950 1634 2046 1681 *post

135 1704 306 1758 lapsum,
334 1702 520 1755 dejectus
550 1707 636 1742 erat
665 1703 791 1756 gradu
812 1702 1007 1754 Episcopi
1031 1702 1095 1740 vel
1121 1701 1370 1752 Presbyteri,
1398 1703 1572 1755 intelligi
1601 1703 1782 1744 debetss.

312 1780 396 1820 Sed
437 1792 460 1819 e
496 1781 734 1821 diverticulo
776 1782 820 1821 in
866 1780 1000 1820 viam!
1062 1779 1395 1821 Relaxationibus
1430 1780 1483 1820 de
1520 1781 1663 1832 quibus
1702 1783 1785 1823 dixi
1819 1783 2043 1837 disciplinae

133 1859 285 1901 frustra
310 1870 402 1899 sese
432 1862 709 1910 opposuerunt
734 1858 997 1899 Montanistae
1026 1860 1070 1896 et
1085 1856 1354 1906 Novatianiffi,
1381 1870 1522 1898 verum
1552 1861 1738 1901 ecclesiae
1769 1862 2044 1904 characterem

136 1939 180 1979 in
211 1937 423 1979 sanctitate
451 1950 714 1989 personarum
750 1941 970 1990 ponentes,
1019 1950 1142 1989 quem
1182 1936 1385 1977 Catholici
1423 1942 1592 1990 propter
1623 1941 1830 1992 ingentem
1864 1942 2045 1983 fidelium

135 2016 435 2059 multitudinem
465 2016 547 2055 suis
578 2016 762 2056 coetibus
790 2015 901 2055 haud
928 2017 1101 2069 amplius
1127 2015 1331 2055 vindicare
1359 2019 1591 2068 potuerunt,
1623 2031 1751 2070 eaque
1783 2020 1836 2060 de
1863 2032 1981 2061 causa
2004 2022 2044 2062 in

134 2095 310 2148 puritate
339 2093 536 2134 doctrinae
577 2098 699 2145 atque
740 2095 981 2134 intemerata
1018 2099 1359 2134 sacramentorum
1399 2095 1747 2137 administratione
1782 2099 2043 2150 quaerendum

142 2185 235 2213 esse
265 2172 504 2212 docuerunt.
567 2172 630 2212 Ex
664 2173 887 2213 Novatiano
920 2173 1137 2212 schismate
1179 2172 1326 2212 exinde
1361 2174 1505 2214 oborto
1546 2174 1844 2216 Donatistarum
1883 2177 2044 2220 furores

135 2251 341 2305 prodiere,
370 2252 438 2301 qui
463 2252 536 2291 sub
562 2252 786 2291 sanctitatis
815 2252 898 2291 suis
928 2252 1111 2291 ecclesiis
1129 2251 1386 2291 adstruendae
1411 2256 1608 2304 praetextu
1622 2255 1819 2295 Ecclesiae
1839 2254 2043 2297 Africanae

137 2333 285 2371 statum
315 2341 390 2381 per
419 2334 605 2379 quartum
637 2333 758 2381 atque
790 2331 975 2383 quintum
1006 2330 1188 2369 seculum
1222 2331 1493 2371 miserrimum
1520 2332 1751 2373 reddidere.

160 2483 196 2513 14
222 2484 355 2520 Routn
377 2484 462 2517 Rel.
482 2482 603 2518 Sacrae
625 2484 692 2520 ΙΙΙ.
717 2486 800 2522 11'7.
1209 2490 1322 2521 vatus
1346 2487 1509 2522 Romam
1538 2488 1852 2532 proficisceretur.
1904 2492 2041 2527 Walch

164 2575 198 2606 15
228 2577 445 2614 Notandum
482 2579 632 2618 autem,
682 2577 982 2614 controversiam*
1028 2578 1068 2613 in
1208 2555 1379 2591 Historie
1402 2557 1467 2590 der
1486 2557 1718 2603 Ketzcmyen
1738 2559 1787 2594 II.
1813 2571 1848 2604 p.
1869 2560 1950 2596 227.

234 2646 367 2683 Africa
395 2644 550 2680 initium
579 2644 743 2690 cepisse,
772 2652 973 2694 antequam
994 2648 1070 2682 No-
