2341 3340
1219 114 1321 162 224

315 268 356 305 et
395 263 540 304 divinis
574 261 823 315 comper-Itur
859 270 949 299 esse
985 256 1235 306 damnabile,
1272 267 1355 296 non
1388 256 1487 297 feci.
1555 241 1738 307 Siquid
1774 257 1907 296 autem
1945 256 1988 295 in
2023 256 2230 309 publicum

315 356 453 397 egero,
489 343 539 382 de
556 342 600 381 id
616 341 872 381 exactoribus
899 330 1311 391 publicis'vectigalia
1333 336 1476 376 reddo.
1536 335 1828 388 Imperatorem
1851 335 2033 374 omnium
2052 335 2233 386 gentium

315 423 448 462 Deum
477 426 519 461 et
549 421 769 461 Dominum
796 431 933 458 meum
967 430 1167 471 agnosco:
1219 416 1404 468 querelas
1432 415 1535 455 nulli
1569 415 1710 463 intuli,
1750 415 1953 454 sustinere
1981 426 2064 452 non
2088 412 2233 453 debeo.

495 501 536 541 2.
610 499 852 539 Saturninus
890 497 1117 537 Proconsul
1159 496 1210 535 ad
1249 498 1411 533 ceteros
1455 506 1525 533 ora
1570 494 1798 542 convertit,
1839 496 1883 532 et
1927 492 2062 532 socios
2107 493 2235 532 sancti

319 581 480 634 Sperati
508 581 567 619 sic
595 579 764 618 adorsus
788 580 863 625 est,
896 576 1059 616 dicens:
1094 575 1281 614 Desinite
1308 573 1432 626 hujus
1462 575 1584 613 etiam
1607 572 1894 625 persuasionis,
1934 583 2012 623 qua
2040 570 2236 624 Speratus

270 664 274 668 ’
316 662 494 701 inlectus
519 662 600 707 est3
641 669 741 710 quos
771 656 860 709 ejus
883 655 1076 695 habuerit
1103 654 1327 708 professio,
1359 653 1492 693 socios
1519 652 1650 691 nihilo
1675 651 1807 690 minus
1835 650 2006 690 habebit
2029 653 2072 689 et
2091 662 2237 702 poena.

319 738 513 793 Speratus
555 741 719 780 sanctus
752 735 881 775 dixit:
940 733 1052 774 Mala
1087 737 1150 774 est
1180 733 1391 787 persuasio
1427 731 1577 771 falsum
1618 729 1898 769 testimonium
1931 728 2096 778 dicere,
2134 729 2239 769 mala

318 819 461 869 utique
503 816 699 869 probatur
733 827 825 854 esse
863 813 1098 861 consensi0‚
1153 813 1189 852 si
1234 816 1375 852 contra
1411 810 1558 850 divinis
1601 808 1763 861 legibus
1806 810 1947 859 agatur
1981 811 2025 847 et
2064 808 2240 860 publicis

320 894 536 949 legibus23,
573 893 719 944 quibus
747 890 944 929 humanae·
968 890 1063 928 vitae
1097 889 1198 928 ordo
1227 891 1466 942 disponitur.
1523 887 1738 928 Persuasio
1769 898 1868 925 vero
1900 885 2048 926 divinae
2071 888 2242 927 culturoe

321 971 513 1014 sectanda
534 974 597 1010 est
625 969 762 1022 potius
792 980 912 1020 quam
942 965 1182 1006 deserenda.
1241 965 1479 1006 Saturninus
1509 966 1737 1006 Proconsul
1760 965 1882 1004 dixit:
1942 963 1990 1005 In
2021 966 2243 1018 praeteritis

315 1053 402 1107 jam
419 1063 495 1103 ego
511 1049 718 1097 admonui,
747 1050 794 1087 ut
810 1046 962 1087 furoris
985 1046 1107 1099 hujus
1125 1044 1344 1085 dementiae
1367 1057 1451 1084 non
1472 1045 1657 1084 annuatis
1675 1056 1765 1083 esse
1779 1044 2011 1097 participes.
2069 1043 2244 1085 Sanctus

324 1131 498 1184 Cythius
529 1126 769 1180 respondit:
829 1125 921 1166 Non
959 1124 1070 1165 aliud
1106 1127 1271 1177 oportet
1304 1137 1328 1163 a
1366 1123 1485 1163 nobis
1524 1122 1695 1171 audire,
1737 1120 1993 1172 Proconsul,
2039 1124 2117 1164 nisi
2151 1136 2244 1176 quae

324 1211 458 1251 socius
480 1211 621 1249 noster
636 1205 831 1259 Speratus
862 1204 1074 1245 confessus
1100 1206 1175 1243 est.
1234 1203 1347 1243 Scito
1375 1203 1485 1243 enim
1515 1202 1623 1255 quod
1646 1214 1729 1242 non
1750 1201 1949 1242 habemus
1977 1202 2099 1242 alium
2123 1217 2246 1255 quem

324 1290 565 1335 timeamus,
604 1286 684 1326 nisi
718 1298 843 1325 unum
882 1284 1015 1324 Deum
1055 1270 1101 1323 et⁸
1130 1283 1349 1323 Dominum
1389 1286 1596 1330 nostrum,
1639 1282 1709 1333 qui
1748 1281 1881 1321 estin
1914 1281 2030 1321 caelo.
2098 1281 2246 1324 Sancta

325 1368 482 1410 Donata
519 1355 708 1406 similiter
738 1364 860 1404 dixit:
903 1363 1116 1404 Honorem
1156 1362 1308 1402 Caesari
1335 1360 1565 1410 reddimus,
1608 1361 1799 1400 timorem
1826 1363 1961 1400 autem
1991 1365 2060 1402 aut
2095 1347 2249 1404 cultum

327 1447 494 1487 Christo
523 1446 609 1485 Deo
638 1457 737 1483 vero
771 1446 1024 1495 praestamus.
1081 1441 1222 1482 Vestia
1253 1454 1350 1480 vero
1384 1440 1628 1480 venerabilis
1661 1442 1801 1478 secuta
1837 1443 1900 1478 est
1934 1440 2098 1480 dicens:
2156 1443 2249 1482 Hoc

328 1538 490 1578 semper
518 1523 784 1563 meditabitur
815 1534 888 1560 cor
919 1533 1056 1560 meum
1086 1523 1128 1558 et
1156 1519 1261 1558 labia
1285 1532 1375 1559 mea
1403 1518 1744 1571 pronuntiabunt,
1779 1519 1871 1570 quia
1893 1518 2123 1560 Christiana
2145 1533 2248 1561 sum.

329 1604 478 1645 Sancta
503 1615 602 1642 vero
628 1595 863 1655 (Secunda)
887 1600 1075 1639 similiter
1098 1598 1174 1637 ait:
1235 1597 1354 1647 Quod
1385 1610 1474 1636 sum
1499 1596 1743 1645 Christiana,
1776 1597 1863 1648 ipsa
1878 1595 1925 1636 -id
1957 1608 2049 1637 esse
2075 1599 2181 1648 volo,
2209 1605 2251 1640 et

330 1697 353 1724 a
383 1695 569 1723 meorum
601 1661 807 1720 sociorum
837 1678 1097 1731 professione
1128 1677 1213 1715 ullo
1244 1674 1478 1716 obstante24
1508 1674 1674 1714 recedo.

510 1760 551 1800 3.
618 1758 860 1799 Saturninus
897 1744 1124 1797 Proconsul
1161 1759 1299 1795 sancto
1334 1754 1505 1808 Sperato
1547 1753 1669 1793 dixit:
1734 1754 2006 1805 Persemras,
2041 1759 2088 1796 ut
2117 1756 2251 1805 video,

333 1854 424 1882 esse
451 1839 720 1880 Christianus.
785 1836 958 1877 Sanctus
1012 1836 1206 1889 Speratus
1251 1834 1376 1873 dixit:
1440 1833 1558 1873 Hanc
1598 1834 1942 1886 perseverantiam
1981 1834 2253 1875 Christianam

333 1934 414 1960 non
441 1919 543 1959 meis
579 1918 732 1957 viribus
761 1915 836 1957 sed
866 1915 992 1956 divini
1024 1915 1204 1955 muneris
1237 1926 1304 1953 me
1331 1912 1487 1952 habere
1519 1913 1694 1952 confido.
1761 1911 1943 1952 Proinde
1972 1914 2007 1953 si
2035 1914 2094 1953 vis
2132 1914 2253 1954 fixam

335 1999 471 2038 cordis
509 1998 591 2036 mei
630 1997 737 2035 scire
774 1995 1042 2042 sententiam,
1091 1993 1346 2032 Christianus
1385 1978 1489 2031 surm.
1560 1992 1607 2031 In
1650 1992 1728 2031 hac
1773 2003 1872 2043 ergo
1917 1991 2179 2031 confessione
2213 1996 2255 2032 et

335 2077 464 2117 ceteri
497 2076 574 2115 Dei
612 2075 818 2126 Martyres
861 2075 1170 2113 consenserunt.
1241 2071 1482 2110 Saturninus
1525 2070 1743 2121 proconsul
1781 2069 1906 2108 dixit:
1966 2069 2158 2109 Forsitan
2203 2071 2256 2110 ad

335 2153 590 2197 liberandum
642 2154 817 2206 spatium
862 2151 984 2190 vultis
1036 2149 1238 2202 accipere.
1315 2148 1486 2189 Sanctus
1524 2146 1720 2199 Speratus
1762 2147 1891 2188 dixit:
1959 2147 2004 2187 ln
2048 2161 2136 2187 rem
2175 2152 2255 2188 tam

335 2237 484 2276 bonam
501 2233 538 2262 25
577 2233 695 2282 (non)
733 2231 930 2284 quaeritur
978 2227 1158 2268 secunda
1190 2227 1446 2267 deliberatio.
1505 2226 1625 2265 Tunc
1653 2227 1761 2265 enim
1795 2226 2105 2267 deliberavimus
2134 2238 2207 2267 nos
2234 2240 2257 2266 a

339 2324 2254 2344 ΝΜ

362 2390 399 2420 23
424 2386 624 2432 Ejusmodi
655 2397 824 2427 casuum,
850 2390 892 2420 ut
915 2389 1051 2420 vocant
1075 2386 1276 2419 Gramma-
1346 2382 1384 2411 2⁴
1409 2382 1464 2417 An
1487 2383 1598 2416 Nullo
1618 2381 1810 2416 instante?
1836 2385 1923 2416 sunt
1946 2384 1984 2416 et
2006 2381 2109 2420 infra
2128 2380 2255 2425 aliqua

436 2458 525 2499 tici,
554 2455 782 2491 mutationes
813 2455 947 2500 saepius
981 2456 1018 2489 in
1033 2455 1122 2488 Mas.
1145 2466 1276 2488 occur·
1417 2453 1501 2486 loca
1523 2452 1752 2497 depravata,
1782 2462 1875 2496 quae,
1904 2454 2019 2495 prout
2041 2450 2167 2484 codex
2190 2451 2255 2482 hn-

438 2532 538 2562 rnnt.
588 2526 664 2560 Hic
685 2525 911 2571 legendum:
948 2526 1088 2560 divinas
1103 2550 1211 2559 ......
1242 2528 1276 2558 ct
1418 2522 1507 2563 bet,
1536 2520 1750 2555 retulimus.
1805 2521 1852 2555 R.

436 2597 602 2643 publicas
627 2596 737 2642 leges.
798 2596 845 2630 R.
1347 2613 1382 2642 Ἦ,
1409 2615 1449 2648 In
1481 2627 1519 2648 rc
1551 2619 1625 2649 mm
1658 2613 1781 2648 bona?
