2341 3340
1031 172 1129 217 173

127 318 303 359 Severus
352 317 529 371 gladium
577 316 620 355 in
667 314 917 354 Christianos
967 311 1222 364 stringeret,
1277 312 1502 363 respiciunt
1552 312 1662 354 forte
1711 314 1834 355 verba
1873 312 2032 366 Sper-ati

127 397 319 449 Martyris
348 396 564 444 Scillitani:
597 395 710 433 male
731 393 924 446 suscepti
949 405 975 430 a
1001 390 1117 430 voh-is
1145 391 1339 443 gratiam
1367 405 1535 445 semper
1567 393 1768 446 egz‘musfl.
1825 393 1887 432 Ex
1916 393 2032 432 hisce

127 477 178 515 de
217 476 358 515 Severi
397 487 494 526 erga
532 471 785 511 Christianos
823 470 964 509 favore
1008 468 1251 509 testimoniis
1293 467 1409 506 valde
1449 468 1497 507 fit
1536 471 1756 511 verisimile
1801 473 1844 511 in
1881 485 1966 524 cap.
1991 471 2032 511 5.

124 555 380 607 Apologetici
399 581 411 600 ,
456 552 524 590 ubi
557 549 831 589 Tertullianus
866 561 938 588 eos
966 550 1154 588 recenset
1183 545 1476 598 Imperatores,
1522 549 1591 598 qui
1637 549 1878 598 Christianis
1921 550 2033 589 haud

124 633 298 672 fuissent
328 631 501 677 infensi,
539 628 630 667 loco
665 629 772 670 Veri
795 628 1018 681 legendum
1049 639 1139 666 esse
1167 626 1368 673 Severus,
1398 629 1444 664 ut
1471 626 1653 665 nonnulli
1677 641 1837 679 quoque
1867 630 2033 669 habent.

124 711 280 750 Praeter
307 722 404 749 vero
431 711 529 748 istas
558 720 656 758 quas
689 707 896 747 attulimus
925 706 1222 746 benovolentiae
1253 704 1533 756 Imperatroris
1569 717 1708 745 causas
1746 708 1825 746 alia
1861 708 2033 749 forsitan

123 789 294 828 indicari
333 790 496 841 poterit.
554 787 726 826 Galliam
760 786 974 837 aliquando
1011 788 1173 824 rexerat
1203 784 1278 823 sub
1310 782 1455 823 Marco
1470 782 1500 821 9.
1559 783 1714 834 Quodsi
1751 785 1905 837 igitur,
1943 798 2034 836 quae

124 867 310 906 Balduini
335 867 415 906 fuit
443 866 579 918 opinio
591 864 636 913 ¹⁰,
673 866 805 916 passio
836 864 1064 917 Martyrum
1089 863 1423 915 Lugdunensium
1451 862 1494 901 in
1523 863 1592 901 illa
1622 861 1814 903 inciderit
1839 868 2034 916 tempora,

123 945 234 984 haud
260 945 379 997 plane
406 945 630 997 rejicienda
657 945 816 984 videtur
845 946 1105 998 conjectura,
1152 942 1362 988 Severum,
1403 941 1598 992 inspectis
1629 941 1728 980 actis
1759 942 2034 995 judicialibus,

125 1029 167 1063 et
199 1024 421 1063 constantia
456 1028 678 1075 martyrum
716 1029 898 1073 motum,
943 1023 1088 1062 melius
1128 1021 1179 1060 de
1212 1020 1453 1059 Christianis
1486 1019 1686 1059 statuisse.
1753 1020 1897 1061 Obstat
1938 1034 2034 1062 vero

122 1102 327 1149 silentium
354 1102 616 1150 Tertulliani3
655 1103 721 1141 vix
750 1103 858 1142 enim
886 1104 966 1142 hoc
992 1099 1242 1141 reticuisset!

299 1181 340 1220 3.
427 1181 619 1221 Attamen
675 1183 909 1233 neutiquam
962 1181 1103 1233 negari
1153 1183 1320 1231 potest,
1369 1177 1480 1216 haud
1529 1179 1650 1229 plane
1694 1182 1854 1230 pacatas
1907 1180 2035 1219 fuisse

125 1259 447 1300 Christianorum
475 1261 519 1300 in
550 1260 691 1299 Africa
726 1273 814 1309 res,
856 1271 1009 1310 eosque
1035 1260 1079 1297 in
1101 1259 1170 1309 jus
1201 1255 1408 1295 interdum
1440 1259 1598 1306 raptos,
1641 1259 1683 1294 et
1722 1257 1817 1309 lege
1845 1257 2036 1298 adversus

125 1352 196 1379 eos
222 1344 356 1379 actum
383 1340 523 1378 fuisse.
580 1339 672 1378 Hoc
701 1338 811 1376 enim
839 1337 1072 1376 testimonia
1087 1335 1343 1383 Tertulliani,
1377 1335 1412 1373 si
1439 1334 1628 1373 nimirum
1656 1335 1751 1374 libri
1777 1336 1864 1388 ejus
1894 1336 2036 1376 ordine

124 1418 434 1470 chronologico,
481 1421 675 1468 quantum
715 1417 785 1456 hic
825 1416 1016 1456 constitui
1042 1415 1206 1467 poterit,
1245 1415 1456 1466 legantur,
1507 1417 1630 1465 atque
1672 1414 1774 1453 Acta
1808 1414 2038 1467 Martyrum

125 1497 425 1538 Scillitanorum
448 1497 676 1536 luculenter
704 1497 905 1535 evincunt.
965 1494 1061 1542 Sed,
1107 1494 1288 1545 singulos
1318 1505 1434 1532 casus
1462 1493 1498 1531 si
1524 1493 1782 1544 excipiamus,
1821 1494 1865 1532 in
1893 1494 2039 1545 quibus

125 1577 380 1629 magistratus
419 1576 623 1615 seditiosis
667 1575 799 1628 plebis
833 1574 1075 1614 clamoribus
1112 1572 1262 1612 cedere
1293 1572 1479 1611 fortassis
1514 1572 1646 1612 coacti
1680 1571 1874 1620 fuerunt,
1915 1585 2037 1624 quum

126 1654 301 1695 Neronis
329 1656 442 1708 leges
482 1656 526 1694 in
559 1655 811 1694 Christianos
843 1654 936 1693 latae
967 1653 1129 1692 abolitae
1160 1651 1272 1691 haud
1301 1651 1456 1690 fuerint
1471 1649 1527 1699 1¹,
1581 1654 1713 1690 actum
1758 1651 2038 1692 tantummodo

127 1734 207 1774 fuit
235 1734 462 1774 secundum
492 1735 627 1786 legem
648 1733 842 1785 Trajani;
883 1733 952 1784 qui
975 1733 1064 1783 ipso
1089 1731 1342 1770 Tertuiliano
1366 1733 1484 1778 teste,
1525 1731 1654 1783 leges,
1692 1744 1799 1784 quas
1829 1730 2039 1771 adversus

122 1806 381 1852 Christianos
410 1814 497 1853 soli
522 1819 727 1852 exercent
756 1813 907 1865 impii,
949 1812 1129 1863 injusti,
1177 1815 1357 1863 turpes,
1399 1814 1574 1855 truces,
1621 1810 1753 1855 vani,
1803 1809 2038 1856 dementes,

128 1892 287 1943 (utpote
326 1890 437 1930 Nero
481 1894 522 1930 et
570 1888 846 1942 Domitianus)
903 1903 957 1929 ex
1004 1894 1136 1943 parte
1169 1890 1428 1940 frustratus
1484 1893 1577 1934 est,
1633 1887 1821 1927 vetando
1876 1889 2042 1941 inquiri

129 1971 430 2018 Christianos,-
473 1970 517 2010 id
552 1970 663 2022 quod
699 1983 749 2009 ex
778 1969 995 2021 Rescripto
1035 1967 1158 2020 hujus
1205 1966 1465 2019 Imperatoris
1503 1965 1554 2004 ad
1591 1964 1768 2004 Plinium
1806 1965 2040 2005 Secundum

130 2048 277 2099 (Epist.
307 2048 398 2087 Lib.
425 2049 478 2088 X.
499 2049 587 2098 98.)
626 2049 793 2088 uberius
827 2051 968 2100 patet,
1012 2059 1092 2098 quo
1162 2058 1233 2085 eos
1291 2046 1533 2096 conquirere
1576 2046 1740 2093 vetuit,
1791 2044 1955 2084 deferre
1998 2049 2041 2083 et

129 2138 300 2179 arguere
327 2126 508 2175 admisit,
552 2127 830 2179 propositione
864 2130 1001 2165 tamen
1034 2125 1166 2164 libelli
1202 2125 1291 2164 sine
1334 2127 1501 2164 auctore
1535 2123 1747 2175 rejecta12.
1804 2123 2040 2164 Secundum

176 2274 195 2302 8
217 2274 382 2310 Ruinart
399 2275 492 2310 Acta
511 2274 730 2320 Martyrum
762 2271 927 2319 genuina
944 2285 979 2318 p.
999 2272 1058 2307 77.
1131 2271 1164 2299 11
1191 2272 1353 2307 Tertull.
1375 2273 1424 2306 ad
1447 2272 1625 2307 Nationes
1656 2272 1685 2306 Ι.
1710 2284 1739 2306 c.
1761 2271 1795 2306 7.
1847 2273 1896 2306 Et
1918 2276 2040 2306 tamen

225 2349 263 2379 ct
286 2344 345 2379 79.
1197 2343 1427 2387 permansit,
1474 2342 1589 2376 erasis
1618 2342 1797 2382 omnibus,
1833 2341 1898 2375 Ῑιοσ
1929 2341 2040 2375 solum

177 2415 194 2443 9
216 2415 288 2448 Dio
319 2414 468 2448 Cassius
495 2414 536 2448 L.
566 2414 622 2450 74.
653 2427 683 2450 c.
709 2405 742 2450 2.
771 2426 807 2460 p.
830 2414 935 2449 1243.
968 2414 1061 2449 Rei-
1202 2413 1406 2447 institutum
1453 2411 1711 2464 Neronianum.
1777 2412 1866 2445 Huc
1920 2410 2041 2456 igitur

225 2484 332 2519 mari.
391 2479 611 2528 Spartianus
653 2496 800 2529 quoque
840 2485 880 2518 in
921 2484 1062 2519 Severo
1206 2487 1375 2526 spectant
1420 2481 1653 2515 Tertulliani
1693 2480 1811 2515 verba
1851 2480 1891 2513 in
1933 2486 2040 2514 textu

225 2569 255 2590 c.
275 2556 309 2590 6.
333 2554 487 2592 scribit:
521 2555 648 2588 deinde
669 2555 947 2600 Lugdunensem
971 2566 1057 2599 pro—
1201 2553 1328 2594 citata,
1351 2551 1563 2594 Trajanum
1584 2551 1688 2596 leges
1715 2550 1897 2584 adversus
1926 2549 2038 2584 Chri-

223 2627 376 2660 vinc·z’am
404 2627 569 2669 Legatus
598 2625 747 2668 accepit.
1200 2622 1341 2657 stianos
1363 2633 1406 2656 ex
1421 2625 1532 2666 parte
1553 2621 1761 2654 frustatum
1787 2630 1877 2654 esse.

158 2696 193 2723 1⁰
215 2696 349 2729 Edicta
360 2694 581 2737 Principum
594 2693 853 2728 Romanorum
878 2693 924 2728 de
948 2692 1061 2729 Chri-

1133 2716 1170 2745 12
1194 2714 1402 2750 Boehmeri
1433 2713 1631 2748 Dissertat.
1662 2725 1698 2758 p.
1717 2711 1798 2747 315.

225 2764 366 2799 silanis.
393 2764 450 2797 ed.
469 2763 571 2807 Lips.
594 2762 696 2796 1724.
723 2774 758 2806 p.
778 2761 834 2797 97.
