2341 3340
1043 111 1140 160 1⁹75

137 258 248 299 idem
281 271 404 307 vero,
437 258 544 307 quod
579 259 620 296 in
650 256 866 307 metropoli
900 254 952 292 de
992 253 1153 304 publica
1189 253 1482 302 tranquillitate
1520 254 1713 295 servanda
1749 256 1908 309 jussum
1946 260 2046 305 erat,

137 337 181 376 in
214 337 382 388 reliquis
426 337 646 388 majoribus
693 334 860 372 urbibus
903 331 1159 370 observatum
1201 330 1359 380 fuisse,
1408 345 1489 371 non
1534 336 1596 371 est
1638 335 1745 383 quod
1792 335 2045 383 dubitemus3

136 415 321 467 inprimis
353 416 387 454 si
418 415 469 453 de
498 414 650 453 illicitis
683 414 871 463 ageretur
903 410 1111 461 collegiis,
1157 422 1246 460 quae
1277 422 1328 448 ex
1357 411 1517 461 antiqua
1545 412 1867 463 jurisprudentia
1897 414 2047 453 Roma-

137 506 282 533 norum
319 508 342 532 a
372 493 412 532 S.
439 493 483 532 C.
512 492 563 530 de
591 489 910 530 Bacchanalibus
938 490 1063 538 inde,
1113 490 1419 541 magistratuum
1461 494 1700 541 perpetuam
1746 503 1882 531 curam
1925 496 2047 543 atque

136 572 395 623 vigilantiam,
430 571 504 609 sub
534 569 847 620 Imperatoribus
883 568 994 607 haud
1021 581 1141 608 secus
1171 580 1290 619 quam
1319 568 1451 606 stante
1480 565 1531 605 R.
1561 567 1621 616 P.,
1655 573 1953 618 exercuerunt5
2004 570 2048 610 id

139 650 246 702 quod
274 651 382 689 inter
418 649 494 688 alia
530 647 695 700 Trajani
727 647 777 686 ad
810 647 985 688 Plinium
1018 648 1216 699 rescripta
1252 645 1415 684 docent.

314 728 354 767 4.
412 727 457 766 In
485 728 627 766 haecce
655 730 867 778 tempora,
914 727 956 765 ni
992 726 1139 773 fallor,
1185 725 1294 764 cadit
1328 726 1462 776 passio
1493 722 1735 765 Christianae
1764 729 1823 767 ad
1851 731 2048 771 lenonem

140 806 351 855 damnatae,
382 807 496 858 cnjus
519 806 795 844 Tertullianus
824 805 1009 844 meminit
1030 804 1288 856 Apologetici
1320 817 1406 857 cap.
1436 806 1599 844 ultimo:
1656 808 1772 847 Nam
1794 812 1836 846 et
1850 809 2050 860 proxime

138 886 271 935 (brevi
295 889 386 925 ante
403 885 716 937 Apologeticum
749 883 902 922 editum
925 879 1146 935 tempore),
1176 883 1235 922 ad
1259 885 1457 924 lenonem
1484 884 1733 924 damnando
1755 885 2049 926 Christianam

132 968 283 1022 potius
308 978 434 1019 quam
465 963 525 1003 ad
550 965 730 1010 leonem,
761 965 950 1015 confessi
977 965 1094 1010 estis,
1126 962 1262 1002 labem
1279 963 1508 1016 padicitiae
1539 963 1661 1017 apud
1687 976 1765 1002 nos
1789 967 2049 1006 atrociorem

139 1046 258 1085 omni
278 1057 424 1097 poena
462 1048 505 1082 et
540 1043 659 1082 omni
680 1047 820 1081 morte
850 1043 1064 1095 reputari.
1140 1040 1259 1090 Quod
1290 1041 1454 1090 quidem
1482 1054 1626 1091 poenae
1656 1054 1782 1094 genus
1810 1042 2050 1085 Christianis

136 1120 370 1173 virginibus,
396 1134 486 1172 quae
501 1120 588 1159 Diis
609 1121 838 1159 sacrificare
854 1120 1021 1168 nollent,
1053 1119 1267 1168 inflictum,
1299 1120 1342 1159 iu
1355 1119 1470 1159 Actis
1482 1119 1709 1171 Martyrum
1728 1122 1874 1173 saepius
1891 1123 2050 1174 legitur.

137 1199 184 1240 In
202 1200 342 1240 Africa
374 1212 470 1239 vero
507 1203 639 1238 ortum
673 1199 845 1238 videtur.
903 1199 1076 1238 Minime
1101 1202 1187 1237 erat
1205 1198 1455 1245 Romanum3
1496 1199 1569 1237 sed
1600 1199 1676 1237 nisi
1699 1200 1864 1251 judices
1892 1205 2051 1242 atroces

138 1292 189 1319 ex
225 1279 391 1332 speciali
427 1278 620 1330 principis
657 1278 845 1317 mandato
876 1276 1112 1329 hujusmodi
1143 1276 1385 1314 sententiam
1419 1275 1594 1316 ferendo
1631 1278 1816 1330 egerint,
1858 1280 2052 1330 explicari

137 1358 414 1399 tantummodo
438 1357 588 1409 poterit
619 1369 668 1395 ex
693 1356 950 1395 damnatione
971 1356 1019 1394 -in
1040 1367 1138 1406 opus
1154 1355 1373 1406 publicum,
1403 1355 1444 1393 in
1461 1356 1642 1407 pistrina,
1665 1356 1858 1408 gynaecia,
1891 1357 2053 1410 baphia,

138 1439 318 1478 thermas
342 1440 384 1476 et
409 1436 565 1484 balnea,
594 1437 636 1475 in
666 1435 824 1487 quibus,
859 1448 982 1487 quum
1013 1434 1119 1473 servi
1149 1437 1190 1472 et
1221 1435 1380 1473 ancillae
1398 1435 1571 1487 publicae
1592 1447 1847 1475 communem
1871 1437 2055 1477 viverent

137 1518 272 1566 vitam,
298 1525 457 1556 morum
488 1515 722 1554 castimonia
750 1515 917 1553 minime
948 1513 1193 1561 servabatur,
1221 1513 1332 1553 unde
1361 1513 1555 1553 facillime
1584 1514 1730 1553 eodem
1759 1528 1805 1553 ac
1833 1516 2054 1568 lupanaria,

139 1607 230 1647 quae
253 1595 439 1645 sequenti
468 1597 651 1645 tempore
680 1593 887 1632 meritoria
907 1605 1067 1644 quoque
1084 1596 1224 1632 vocata
1254 1595 1359 1640 sunt,
1393 1597 1603 1632 contemtu
1632 1594 1899 1648 habebantur,
1931 1600 2054 1646 atque

139 1675 182 1713 iu
204 1673 359 1725 vulgari
380 1685 569 1711 sermone
598 1671 708 1712 haud
737 1684 830 1711 raro
861 1684 952 1710 cum
980 1672 1030 1710 iis
1054 1671 1462 1712 confundebanturw.
1519 1672 1662 1723 Neque
1690 1673 1759 1712 hic
1780 1675 1920 1713 unicus
1941 1675 2054 1714 locus

140 1753 182 1792 in
212 1765 290 1803 quo
316 1752 591 1790 Tertullianus
616 1751 737 1803 hujus
761 1752 982 1790 atrocitatis
1011 1751 1208 1790 meminit.
1265 1751 1389 1792 Plura
1419 1753 1526 1791 enim
1559 1752 1744 1805 ejusdem
1774 1753 1836 1792 rei
1869 1754 2054 1806 exempla

142 1834 236 1869 nota
264 1830 323 1869 illi
349 1829 489 1879 fuisse,
521 1830 644 1869 facile
666 1831 918 1881 intelligetur
938 1843 987 1869 ex
1009 1829 1124 1868 c.15.
1149 1830 1310 1869 librisde
1329 1833 1596 1883 monogamia,
1625 1832 1715 1871 ubi:
1753 1832 1908 1886 Utique
1940 1834 2054 1873 enim

143 1910 262 1950 illam
292 1912 433 1963 magis
462 1911 668 1968 excusari
699 1910 842 1962 capit,
887 1923 983 1963 quoe
1017 1912 1063 1950 in
1098 1912 1256 1965 praelio
1297 1911 1453 1950 cecidit
1496 1908 1560 1964 (in
1600 1924 1743 1965 pugna?
1769 1923 1861 1949 cum
1891 1910 2052 1960 bestiis)

142 2001 268 2041 qaam
299 2002 393 2041 qaoe
424 1990 470 2028 in
511 1988 734 2033 cubicum
783 2001 877 2041 quae
913 1989 959 2027 in
995 1991 1167 2043 equuleo
1197 1990 1443 2038 succubuit,
1486 2005 1611 2044 qzcam
1654 2004 1750 2045 qaoe
1786 1991 1831 2029 in
1869 1992 2027 2030 lectulo
2039 2004 2055 2036 ;

142 2079 235 2121 qaae
259 2066 514 2106 crudelitati
545 2070 699 2113 cessit,
740 2080 865 2120 qaam
899 2081 992 2120 qaoe
1025 2068 1222 2114 libidini5
1260 2083 1354 2122 qaae
1391 2083 1569 2122 gemens
1601 2070 1771 2109 devicta
1807 2075 1896 2115 est,
1931 2082 2055 2122 quam

143 2157 235 2198 qaae
263 2144 432 2185 subans.
490 2144 646 2184 Eadem
674 2146 832 2184 ratione
846 2149 938 2197 post
954 2144 1199 2185 Tertulliani
1222 2149 1405 2198 tempora
1428 2160 1450 2186 a
1469 2148 1800 2198 persecutoribus
1816 2146 1860 2185 in
1878 2147 2055 2198 virgines

168 2329 203 2357 1⁷
227 2328 388 2364 Uberius
414 2330 486 2364 hoc
519 2331 564 2364 de
587 2343 628 2365 re
651 2331 714 2378 egi
739 2332 777 2367 in
799 2331 1078 2367 ‘Dissertatione
1221 2330 1446 2364 sententiam
1481 2331 1653 2365 Crameri
1696 2332 1742 2365 de
1788 2332 1943 2367 difficili
1982 2333 2056 2366 hoc

238 2398 285 2432 de
319 2398 537 2434 Christiana
571 2400 609 2435 in
641 2402 752 2436 domo
799 2402 950 2436 ethnica
991 2406 1078 2441 ante
1219 2404 1443 2446 argumento
1468 2405 1628 2435 secutus.
1667 2400 1791 2436 Multa
1808 2402 1865 2436 rei
1885 2403 2056 2448 exempla

239 2455 474 2502 Constantini
494 2468 626 2514 Magni
640 2474 822 2516 tempora,
837 2472 929 2506 actis
942 2472 1076 2505 Philo-
1218 2481 1263 2503 ex
1285 2470 1435 2514 scriptis
1465 2470 1624 2505 Patrum
1658 2475 1695 2505 et
1716 2471 1819 2505 Actis
1839 2471 2056 2517 Martyrum

237 2537 403 2582 sophicis
437 2541 473 2571 et
502 2538 707 2574 Historicis
727 2541 858 2587 Regiae
878 2541 1077 2575 Societatis
1220 2540 1376 2585 collegit
1399 2539 1631 2585 Sagittarius
1661 2541 1706 2574 de
1730 2540 1946 2588 Martyrum
1971 2553 2056 2577 cru-

237 2606 490 2641 scientiarum
505 2608 724 2642 Hafniensis
749 2611 949 2645 ann01827
967 2611 1079 2644 editis
1223 2608 1384 2644 ciatibus
1417 2621 1453 2655 p.
1485 2608 1564 2645 253.
1595 2621 1698 2655 sequ,

238 2676 391 2720 inserta,
418 2680 454 2711 et
474 2678 716 2712 Gerinanisce
742 2690 889 2724 quoque
909 2681 1079 2726 vulgata,
