2341 3340
1197 145 1298 194 20⁰

293 297 466 339 missam
496 294 554 336 ad
577 307 624 336 se
655 292 951 335 Christianum
978 304 1075 332 cum
1105 291 1268 344 elogio,
1307 290 1585 331 concussione
1617 288 1713 343 ejus
1737 289 1984 338 intellecta,
2022 289 2203 339 dimisit,

292 378 423 418 scisso
455 375 603 416 eodem
630 374 785 427 elogio,
816 374 911 413 sine
929 377 1182 412 accusatore
1207 383 1377 423 negans
1392 383 1438 410 se
1460 368 1718 409 auditurum
1738 368 1951 409 hominem
1970 368 2206 409 secandum

291 455 518 496 mandata.
580 454 691 494 Haec
721 455 866 494 omnia
898 453 977 493 tibi
1004 457 1048 493 et
1079 451 1132 491 de
1158 449 1298 504 officio
1330 449 1516 502 suggeri
1541 452 1749 502 possunt,
1793 452 1838 488 et
1868 447 1918 488 ab
1948 448 2100 488 iisdem
2130 446 2207 489 ad·

294 536 472 581 vocatis,
497 534 573 587 qui
599 535 686 588 ipsi
710 534 914 587 beneficia
937 531 1095 572 habent
1112 529 1477 575 Christianorum,
1508 528 1610 567 licet
1640 526 1889 567 adclament
1917 540 2012 581 quoe
2041 528 2207 568 volant.

446 650 448 653 .
474 613 598 654 Plura
627 613 670 653 in
700 613 815 652 hisce
836 610 1079 651 Tertulliani
1101 607 1235 647 verbis
1263 608 1483 645 occurrunt
1509 605 1629 656 paulo
1659 604 1913 653 difficiliora;
1954 617 2047 645 nam
2075 616 2211 656 neque

294 695 600 747 magistratuum
639 692 777 731 officia
815 691 991 730 indicata
1025 690 1145 736 sunt,
1186 696 1320 737 neque
1355 687 1586 736 temporum
1621 682 1722 722 ordo
1755 686 1941 723 accurate
1977 683 2211 723 observatus

293 774 467 814 videtur.
506 771 646 823 >Quod
686 771 795 810 enim
836 769 888 809 ad
925 772 1101 822 primum
1136 765 1302 812 attinet,
1342 764 1387 804 in
1415 763 1531 803 hisce
1569 761 1802 802 nominibus
1836 762 1947 803 haud
1977 762 2212 802 discernere

295 852 393 892 licet
414 853 521 890 inter
542 832 814 888 Proconsules
827 848 864 876 28
892 852 935 886 et
962 847 1256 886 Procuratores
1287 842 1458 883 Caesaris
1488 841 1554 881 vel
1584 839 1802 880 Praesides.
1866 840 1931 881 Illi
1965 841 2214 893 provinciam

296 929 469 969 Senatus
518 927 683 966 nomine
722 928 940 972 rexerunt,
987 924 1137 975 quippe
1174 921 1284 972 quod
1320 921 1460 961 Africa
1503 920 1546 960 in
1585 919 1785 959 divisione
1827 921 2128 972 provinciarum
2164 920 2213 960 ab

295 1007 480 1060 Augusto
508 1005 616 1045 facta
640 1004 790 1057 populo
820 1005 1033 1050 evenerat,
1077 1002 1250 1051 excepto
1286 1001 1422 1039 tamen
1458 999 1651 1051 deinceps
1691 1011 1819 1051 regno
1848 998 2084 1047 Ptolemaei,
2123 1001 2216 1050 post

295 1086 419 1138 hujus
441 1097 584 1124 necem
615 1084 663 1123 ab
684 1082 998 1134 [inperatoribus
1030 1080 1327 1127 administrato,
1362 1078 1455 1128 quia
1485 1090 1624 1116 omnes
1647 1089 1763 1116 novae
1791 1079 2046 1118 accessiones
2065 1077 2217 1119 Caesari

295 1164 489 1216 'regendae
522 1162 801 1202 tradebantur.
861 1159 1219 1212 Complectebatur
1249 1160 1385 1197 autem
1417 1168 1603 1209 magnam
1631 1155 1901 1195 Mauretaniae
1932 1160 2088 1210 partem
2125 1170 2217 1198 cum

297 1243 544 1284 Numidiam.
601 1242 658 1281 Hi
680 1254 776 1281 vero
803 1241 846 1279 in
867 1239 1095 1292 provincias
1116 1237 1268 1277 Caesari
1296 1238 1519 1276 reservatas
1542 1234 1747 1275 interdum
1776 1235 1898 1275 etiam
1926 1246 2019 1275 cum
2045 1236 2218 1288 imperio

300 1322 409 1360 civili
437 1322 549 1361 missi
578 1323 694 1368 sunt,
738 1321 780 1358 et
815 1331 838 1357 a
868 1317 1040 1357 Claudio
1077 1329 1197 1356 omne
1230 1316 1299 1368 jus
1330 1317 1578 1368 acceperunt
1591 1312 1649 1362 ³⁰3
1704 1313 1803 1353 licet
1831 1314 2041 1367 proprium
2077 1327 2219 1356 eorum

300 1399 485 1440 officium
518 1403 640 1448 esset,
685 1398 841 1438 reditus
874 1395 1133 1449 Imperatoris
1162 1395 1389 1447 percipere.
1447 1392 1633 1433 Accessit
1668 1391 1847 1444 denique
1882 1394 2051 1434 tertium
2093 1395 2221 1435 officii

303 1491 459 1532 genus,
507 1478 617 1529 quod
647 1490 742 1515 cum
773 1476 897 1527 legati
927 1474 1185 1526 prop1·aetorii
1221 1473 1394 1525 legionis
1427 1472 1536 1511 illius
1577 1482 1668 1521 quae
1699 1471 1743 1511 in
1775 1471 1917 1511 Africa
1951 1473 2151 1514 militabat
2166 1472 2220 1523 3¹,

302 1557 451 1607 quibus
489 1569 512 1595 a
544 1555 633 1608 Caji
665 1553 763 1594 inde
806 1556 992 1606 tempore
1032 1553 1247 1604 imperium
1285 1550 1462 1589 militare
1497 1549 1696 1589 tributum
1738 1553 1848 1598 erat,
1894 1553 1981 1589 tum
2026 1552 2222 1602 praesides

301 1636 476 1688 legionis
505 1635 797 1675 Mauretanicae
840 1635 1125 1673 exercuerunt.
1190 1629 1442 1680 Temporum
1479 1630 1679 1679 praeterea
1722 1627 1909 1667 ordinem
1946 1627 2224 1670 Tertullianus

303 1707 416 1765 hand
445 1714 683 1754 observasse
714 1713 904 1761 videtur,
949 1723 1074 1763 quum
1103 1710 1146 1748 in
1180 1708 1246 1747 his
1284 1719 1384 1768 quos
1413 1709 1603 1745 recenset
1639 1699 1938 1758 magistratibus
1974 1705 2141 1749 Pudens
2183 1715 2226 1749 et

307 1793 555 1846 Vespronius
587 1792 794 1833 Candidus
825 1791 994 1841 reliquis
1022 1789 1151 1828 fuisse
1179 1785 1394 1825 videantur
1414 1778 1676 1835 antiquiores.
1741 1784 1833 1824 Hoc
1860 1785 1970 1825 enim
1999 1798 2050 1826 ex
2084 1799 2223 1826 eorum

306 1872 537 1912 nominibus
561 1885 654 1911 cum
682 1871 798 1911 fastis
829 1869 1120 1911 Consularibus
1150 1864 1392 1917 comparatis
1425 1864 1621 1916 colligere
1651 1866 1727 1912 est,
1765 1863 1865 1903 licet
1896 1863 2012 1913 fasti,
2041 1865 2225 1917 inprimis

308 1950 471 1990 illorum
495 1954 744 2004 temporum,
778 1949 936 2002 magnis
967 1949 1204 2001 premantur
1236 1941 1572 1991 obscuritatibus,
1613 1945 1656 1982 et
1680 1940 1878 1982 Consules
1913 1941 2107 1982 suffectos
2134 1957 2224 1984 raro

333 2104 370 2135 28
393 2105 531 2140 Africa:
565 2110 678 2150 atque
700 2106 797 2140 Asiae
827 2104 1004 2149 praesides
1033 2100 1133 2137 solos
1158 2111 1247 2147 pro-
1316 2099 1352 2129 29
1377 2099 1450 2133 Dio
1485 2097 1636 2133 Cassius
1669 2097 1768 2131 LIX.
1793 2108 1824 2131 c.
1847 2078 1906 2131 20.

405 2174 488 2219 prie
505 2175 754 2209 Proconsules
773 2174 893 2208 dictos
921 2183 1014 2214 esse,
1040 2175 1083 2206 ut
1103 2172 1248 2206 Consu<
1318 2167 1354 2196 3⁰
1378 2166 1508 2203 Taciti
1540 2167 1672 2201 Annal.
1697 2166 1782 2201 XII.
1806 2166 1863 2201 60.
1911 2165 2063 2203 Sveton.
2095 2168 2225 2204 Claud.

404 2243 487 2278 latu
515 2245 678 2286 functos,
704 2243 837 2278 statuit
854 2241 1063 2276 Eckhelius
1080 2241 1246 2275 D.Num.
1390 2250 1420 2272 c.
1445 2237 1501 2271 12.

408 2314 492 2348 vet.
514 2315 576 2348 IV.
598 2326 632 2358 p.
659 2314 739 2348 251.
767 2317 897 2347 contra
918 2311 1155 2352 Fabricium,
1183 2310 1248 2354 qui
1319 2306 1351 2336 81
1378 2308 1462 2341 Una
1487 2309 1567 2340 erat
1594 2304 1751 2338 Tiberio
1779 2305 2025 2350 Imperatore.
2071 2307 2226 2342 Crevier

408 2383 456 2418 ad
489 2382 650 2417 Dionem
681 2382 854 2416 L111.15.
891 2392 1019 2414 omncs
1050 2380 1249 2424 praefectos
1391 2375 1564 2411 Histoire
1607 2375 1672 2408 des
1712 2375 1943 2419 Empereurs
1979 2376 2028 2411 ΙΙ.
2083 2388 2117 2421 p.
2143 2376 2225 2412 355.

408 2451 717 2497 provinciarum,
759 2462 849 2495 quas
880 2450 1073 2496 Augustus
1109 2449 1247 2494 populo
1390 2445 1470 2481 406.
1492 2445 1572 2479 417.
1621 2445 1723 2479 Duas
1745 2457 1849 2487 vero,
1877 2445 2048 2480 Primam
2072 2449 2110 2480 et
2129 2445 2226 2481 Ter-

408 2521 640 2566 reliquisset,
668 2520 861 2555 communi
880 2518 1154 2562 Proconsulum
1183 2529 1250 2552 no-
1389 2516 1508 2558 tiam,
1555 2515 1698 2549 habent
1738 2514 1846 2549 numi
1884 2525 1907 2550 a
1934 2515 2068 2550 Clodio
2095 2515 2226 2552 Macro

410 2590 534 2632 mine,
566 2589 683 2625 etiam
722 2589 788 2634 qui
827 2600 894 2634 pro
914 2589 1080 2622 Praetore
1115 2591 1250 2628 essent,
1391 2584 1553 2631 signati,
1601 2587 1762 2629 quaru'm
1801 2595 1877 2620 una.
1909 2588 2034 2619 tamen
2068 2585 2228 2621 fortasse

417 2660 565 2696 venisse
586 2663 793 2696 notaverat.
844 2659 939 2693 vide
962 2669 1109 2703 quoquc
1122 2669 1156 2703 p.
1170 2656 1249 2692 241).
1391 2658 1473 2689 erat
1496 2653 1767 2689 Mauretanica.
1824 2644 1971 2688 Eclihel
1998 2654 2043 2689 D.
2073 2653 2117 2690 N.
2145 2655 2228 2691 Vct.

1393 2726 1456 2760 VI.
1483 2736 1517 2770 p.
1536 2723 1616 2760 288.

1730 2767 1748 2776 s
