2341 3340
1045 134 1111 179 59

116 280 318 318 Incertum
363 289 414 316 an
453 287 639 316 manuum
681 270 938 324 impositione
980 270 1022 308 in
1059 268 1248 309 Africana
1288 270 1462 310 ecclesia
1497 271 1653 312 fuerint
1684 273 1878 313 ordinatae
1894 271 1930 322 ⁹3
1979 268 2046 316 ἐπ’

120 357 318 397 ordinem
370 359 503 394 tamen
554 365 627 392 eas
674 350 812 402 allegi
856 348 955 386 dicit
994 347 1269 386 Tertullianus
1324 346 1397 401 (ad
1445 361 1614 389 uxorem
1660 350 1692 389 Ι.
1733 364 1769 390 c.
1800 351 1888 408 17.)
1934 365 2025 405 quae

114 446 210 474 sane
242 434 364 472 verba
398 416 449 470 de
481 429 733 469 ordinatione
767 426 940 477 intelligi
976 429 1162 477 possent:
1200 429 1242 465 at
1271 431 1382 465 certe
1417 427 1756 466 consecrabantur
1782 431 1969 480 precibus
2001 445 2025 473 a

114 511 369 563 Presbyteris
397 509 498 547 fusis
508 521 520 554 3
562 506 604 545 id
636 505 745 556 quod
777 504 968 556 deinceps
998 504 1219 543 canonibus
1249 503 1524 543 Conciliorum
1552 503 1942 557 Carthaginiensium
1973 508 2023 547 11.

114 589 184 628 111.
216 588 282 628 IV.
310 587 560 638 prohibitum
582 585 646 622 vel
669 584 811 622 saltem
837 583 1052 624 limitatum
1069 584 1240 636 legimus
1250 582 1298 621 1⁰.
1357 583 1606 633 Quamquam
1633 595 1730 621 vero
1763 596 1813 622 ex
1836 584 2023 625 mandato

118 665 354 718 Apostolico
387 664 547 702 nonnisi
575 662 708 701 viduae
728 664 923 700 maturam
943 665 1103 701 aetatem
1132 663 1290 713 adeptae
1309 661 1554 700 Diaconissae
1576 664 1691 699 erant
1714 663 2023 714 constituendae,

112 744 258 784 abusus
307 745 442 781 tamen
481 741 677 788 invaluit,
716 743 763 778 ut
803 739 980 791 virgines
1017 740 1266 792 eligerentur
1282 739 1330 779 11,
1394 741 1524 791 Quem
1566 738 1811 791 Carthagine
1860 754 2022 793 quoque

109 820 266 862 mature
294 820 528 872 irrepsisse,
561 830 612 857 ex
639 818 727 869 ipso
757 817 1012 858 Tertulliano
1039 823 1214 868 constat,
1251 819 1319 871 qui
1349 818 1614 858 vehementer
1640 817 1692 856 de
1720 818 1841 872 hujus
1871 823 2022 860 metro-

107 899 249 953 poleos
280 898 484 949 Episcopo
515 897 699 947 queritur
718 924 730 944 ,
779 896 887 947 quod
923 909 1006 936 non
1038 898 1235 950 virginem
1270 900 1450 945 tantum,
1499 917 1556 924 --
1586 897 1800 949 virginem
1830 887 2020 946 viduam,

108 978 390 1023 miraculum,
433 989 489 1015 ne
526 975 665 1014 dicam
699 981 968 1024 monstrum,
1013 976 1087 1015 sed
1122 976 1297 1027 puellam
1335 975 1478 1028 viginti
1516 974 1696 1014 nondum
1730 987 1855 1014 annos
1886 981 2021 1016 natam

105 1053 382 1094 Diaconissam
410 1053 597 1100 fecerat,
635 1065 684 1091 eo
718 1054 908 1102 consilio,
947 1057 993 1093 ut
1024 1057 1135 1093 tanto
1166 1055 1324 1093 facilius
1353 1067 1446 1093 arca
1470 1054 1656 1092 ecclesiae
1693 1052 1744 1092 ali
1772 1059 1911 1106 posset
1944 1053 2019 1108 (de

105 1132 326 1184 virginibus
353 1130 533 1169 velandis
546 1126 616 1181 ¹2).
674 1131 800 1170 Hisce
830 1132 1086 1184 adjungimus
1120 1133 1336 1186 Virgines,
1367 1144 1458 1183 quae
1486 1143 1576 1169 sese
1609 1131 1773 1170 Christo
1804 1132 2019 1182 dicassent,

104 1212 416 1251 ecclesiasticas
460 1223 484 1247 a
526 1210 784 1258 sequentium
820 1213 1049 1262 temporum
1094 1210 1362 1261 scriptoribus
1404 1210 1649 1260 appellatas,
1697 1221 1777 1259 quo
1814 1210 1959 1249 melius
1994 1224 2017 1250 a

102 1289 375 1335 monasticis,
417 1300 508 1338 quae
537 1288 669 1338 prisca
707 1288 777 1325 illa
806 1291 925 1325 aetate
955 1287 1133 1326 nondum
1168 1288 1358 1335 fuerunt,
1402 1286 1761 1339 distinguerentur.
1818 1286 2018 1327 vivebant

102 1367 146 1406 in
184 1366 337 1405 aedibus
375 1366 580 1417 paternis,
629 1379 653 1405 a
688 1365 951 1416 parentibus,
997 1366 1062 1404 vel
1098 1367 1348 1405 necessitate
1393 1366 1450 1404 ita
1492 1365 1700 1416 flagitante
1743 1364 1792 1403 ab
1843 1365 2017 1405 ecclesia

102 1445 313 1484 alebantur
341 1443 389 1482 13.
464 1443 585 1482 Nullo
636 1446 772 1482 tamen
823 1447 1031 1496 perpetuae
1077 1444 1317 1496 virginitatis
1363 1447 1458 1482 voto
1506 1443 1713 1482 obstrictae
1762 1443 2016 1483 tenebantur.

104 1522 328 1574 Cyprianus
354 1522 461 1560 enim
495 1535 558 1573 ep.
581 1521 648 1562 IV.
680 1535 718 1573 p.
743 1521 783 1560 7.
841 1522 895 1561 Si
917 1535 1204 1576 perseverare
1226 1524 1384 1562 nolunt
1412 1517 1631 1576 (virgines)
1665 1521 1715 1560 ad
1745 1520 2015 1574 Pomponium
2048 1539 2053 1541 “

103 1600 268 1646 scribit,
309 1601 376 1640 vel
407 1613 492 1640 non
523 1607 737 1654 possunt,
777 1603 931 1641 melius
962 1607 1027 1641 esc
1064 1601 1256 1647 mebant,
1299 1614 1427 1654 quam
1456 1602 1501 1640 in
1534 1602 1677 1653 ignem
1713 1599 1884 1640 delictis
1921 1601 2014 1641 suis

103 1677 278 1716 cadant.
336 1677 487 1715 Earum
516 1690 677 1729 quoque
709 1678 894 1717 meminit
926 1677 1222 1725 Tertullianus,
1265 1677 1316 1715 de
1344 1678 1565 1729 virginibus
1595 1677 1775 1716 velandis
1806 1690 1841 1716 c.
1869 1677 1909 1717 3.
1941 1678 2013 1718 ubi

101 1758 237 1793 tamen
283 1755 439 1793 verba:
488 1768 511 1794 o
547 1757 775 1808 sacrilegae
811 1769 990 1802 manus,
1044 1769 1140 1809 quae
1189 1755 1382 1795 dicatum
1412 1756 1506 1796 Deo
1550 1756 1738 1796 habitum
1779 1756 2012 1799 detrahere

100 1837 374 1886 potuerunt,
414 1831 465 1869 de
493 1831 640 1870 vestitu
671 1831 872 1883 virginum
898 1844 922 1870 a
951 1830 1198 1882 Presbytero
1234 1832 1299 1870 vel
1327 1832 1532 1885 Episcopo
1572 1837 1809 1872 consecrato
1836 1834 2011 1888 intelligi

102 1910 267 1948 minime
297 1909 459 1947 debent.
524 1909 670 1960 Agitur
706 1909 814 1947 enim
853 1909 1132 1948 tantummodo
1176 1909 1228 1949 de
1267 1911 1382 1959 velo,
1423 1922 1503 1961 quo
1544 1911 1673 1963 capita
1712 1912 2010 1964 operiebantur.

279 1987 320 2025 9.
378 1987 438 2026 De
474 2001 651 2027 numero
696 1988 963 2028 Clericorum
1005 1988 1108 2027 nihil
1145 1992 1312 2028 constat.
1382 1989 1595 2028 Diversum
1632 2002 1726 2029 eum
1762 1992 1804 2030 in
1841 1991 2010 2044 singulis

103 2065 284 2104 ecclesiis
332 2065 460 2104 fuisse
499 2078 574 2117 pro
611 2066 768 2104 ratione
808 2068 1036 2117 temporum
1074 2069 1115 2105 et
1156 2067 1361 2115 locorum,
1403 2080 1479 2119 per
1516 2080 1561 2106 se
1597 2072 1734 2120 patet3
1791 2070 2008 2108 maximum

104 2143 363 2197 Carthagine3
400 2144 598 2182 minorem
632 2147 768 2182 tamen
801 2143 1012 2192 Romano,
1056 2145 1099 2183 in
1142 2157 1262 2195 quem
1300 2144 1480 2184 Cornelii
1514 2149 1724 2197 tempore,
1767 2147 1905 2186 seculo
1937 2145 2006 2185 ΙΙΙ.

103 2208 299 2271 dimidio,
335 2229 485 2275 praeter
523 2223 801 2275 Episcopum,
843 2220 899 2260 46
934 2220 1191 2274 Presbyteri,
1233 2223 1261 2262 '7
1289 2222 1483 2271 Diaconi,
1529 2224 1699 2263 totidem
1743 2223 2005 2273 Subdiaconi,

102 2298 156 2337 42
188 2299 400 2349 Aeoluthi,
455 2301 510 2340 52
538 2301 786 2350 Exorcistae,
834 2314 914 2340 una
951 2312 1041 2339 cum
1072 2300 1315 2340 Lectoribus
1348 2304 1390 2340 et
1421 2301 1603 2341 ostiariis
1649 2303 1826 2354 cooptati
1877 2306 2003 2341 erant.

150 2427 165 2454 9
195 2428 449 2462 ordinationis
465 2431 669 2465 formulam
681 2432 719 2465 in
731 2432 887 2465 ecclesia
902 2433 1032 2467 Graeca
1102 2431 1136 2459 11
1163 2433 1361 2468 Constitut.
1383 2434 1548 2478 Apostol.
1570 2434 1632 2467 VI.
1657 2434 1712 2467 17.

196 2498 376 2531 exhibent
388 2498 677 2534 constitutiones
694 2501 916 2545 Apostolicae
940 2502 1024 2535 Lib.
1095 2522 1131 2551 12
1155 2525 1234 2559 Sel-o
1259 2526 1403 2566 all-cubi,
1429 2525 1563 2569 inquit,
1588 2526 1765 2571 virginem
1790 2525 1827 2558 in
1848 2525 1999 2559 viduatu

196 2566 298 2600 *HL
322 2578 352 2599 θ’
370 2565 426 2600 20’
450 2579 529 2610 quoe
551 2571 674 2603 tamen
686 2571 909 2614 pmcedente
930 2574 1026 2606 tem*
1166 2594 1212 2627 ab
1244 2595 1348 2628 annis
1377 2596 1531 2628 nondum
1556 2596 1689 2640 viginti
1719 2596 1939 2630 collocatam.

193 2646 284 2679 pore
310 2634 348 2668 in
372 2635 658 2671 desuetudinem
679 2638 786 2674 abiit.

127 2702 163 2732 1⁰
187 2703 382 2749 Bingham
406 2704 468 2738 lv.
495 2717 530 2750 p.
555 2704 634 2741 357.
1097 2684 1133 2712 ¹3
1156 2685 1358 2731 Bingham.
1384 2685 1452 2719 111.
1479 2697 1511 2730 p.
1537 2685 1594 2721 96.
